%neutrino history, papers
@article{solarneutrinos,
doi = {10.1086/305343},
url = {https://dx.doi.org/10.1086/305343},
year = {1998},
month = {mar},
publisher = {},
volume = {496},
number = {1},
pages = {505},
author = {Bruce T. Cleveland and Timothy Daily and Raymond Davis, Jr. and James R. Distel and Kenneth Lande and C. K. Lee and Paul S. Wildenhain and Jack Ullman},
title = {Measurement of the Solar Electron Neutrino Flux with the Homestake Chlorine Detector},
journal = {The Astrophysical Journal},
abstract = {The Homestake Solar Neutrino Detector, based on the inverse beta-decay reaction νe +37Cl →37Ar + e-, has been measuring the flux of solar neutrinos since 1970. The experiment has operated in a stable manner throughout this time period. All aspects of this detector are reviewed, with particular emphasis on the determination of the extraction and counting efficiencies, the key experimental parameters that are necessary to convert the measured 37Ar count rate to the solar neutrino production rate. A thorough consideration is also given to the systematics of the detector, including the measurement of the extraction and counting efficiencies and the nonsolar production of 37Ar. The combined result of 108 extractions is a solar neutrino-induced 37Ar production rate of 2.56 ± 0.l6 (statistical) ± 0.16 (systematic) SNU.}
}

@article{ACHAR1965196,
title = {Detection of muons produced by cosmic ray neutrinos deep underground},
journal = {Physics Letters},
volume = {18},
number = {2},
pages = {196-199},
year = {1965},
issn = {0031-9163},
doi = {https://doi.org/10.1016/0031-9163(65)90712-2},
url = {https://www.sciencedirect.com/science/article/pii/0031916365907122},
author = {C.V. Achar and M.G.K. Menon and V.S. Narasimham and P.V.Ramana Murthy and B.V. Sreekantan and K. Hinotani and S. Miyake and D.R. Creed and J.L. Osborne and J.B.M. Pattison and A.W. Wolfendale}
}

@article{PhysRevLett.15.429,
  title = {Evidence for High-Energy Cosmic-Ray Neutrino Interactions},
  author = {Reines, F. and Crouch, M. F. and Jenkins, T. L. and Kropp, W. R. and Gurr, H. S. and Smith, G. R. and Sellschop, J. P. F. and Meyer, B.},
  journal = {Phys. Rev. Lett.},
  volume = {15},
  issue = {9},
  pages = {429--433},
  numpages = {0},
  year = {1965},
  month = {Aug},
  publisher = {American Physical Society},
  doi = {10.1103/PhysRevLett.15.429},
  url = {https://link.aps.org/doi/10.1103/PhysRevLett.15.429}
}

@article{nu_discovery,
  title = {Detection of the Free Antineutrino},
  author = {Reines, F. and Cowan, C. L. and Harrison, F. B. and McGuire, A. D. and Kruse, H. W.},
  journal = {Phys. Rev.},
  volume = {117},
  issue = {1},
  pages = {159--173},
  numpages = {0},
  year = {1960},
  month = {Jan},
  publisher = {American Physical Society},
  doi = {10.1103/PhysRev.117.159},
  url = {https://link.aps.org/doi/10.1103/PhysRev.117.159}
}

@article{SN1987A_superK,
  title = {Observation of a neutrino burst from the supernova SN1987A},
  author = {Hirata, K. and Kajita, T. and Koshiba, M. and Nakahata, M. and Oyama, Y. and Sato, N. and Suzuki, A. and Takita, M. and Totsuka, Y. and Kifune, T. and Suda, T. and Takahashi, K. and Tanimori, T. and Miyano, K. and Yamada, M. and Beier, E. W. and Feldscher, L. R. and Kim, S. B. and Mann, A. K. and Newcomer, F. M. and Van, R. and Zhang, W. and Cortez, B. G.},
  journal = {Phys. Rev. Lett.},
  volume = {58},
  issue = {14},
  pages = {1490--1493},
  numpages = {0},
  year = {1987},
  month = {Apr},
  publisher = {American Physical Society},
  doi = {10.1103/PhysRevLett.58.1490},
  url = {https://link.aps.org/doi/10.1103/PhysRevLett.58.1490}
}

@article{SN1987A_IMB,
  title = {Observation of a neutrino burst in coincidence with supernova 1987A in the Large Magellanic Cloud},
  author = {Bionta, R. M. and Blewitt, G. and Bratton, C. B. and Casper, D. and Ciocio, A. and Claus, R. and Cortez, B. and Crouch, M. and Dye, S. T. and Errede, S. and Foster, G. W. and Gajewski, W. and Ganezer, K. S. and Goldhaber, M. and Haines, T. J. and Jones, T. W. and Kielczewska, D. and Kropp, W. R. and Learned, J. G. and LoSecco, J. M. and Matthews, J. and Miller, R. and Mudan, M. S. and Park, H. S. and Price, L. R. and Reines, F. and Schultz, J. and Seidel, S. and Shumard, E. and Sinclair, D. and Sobel, H. W. and Stone, J. L. and Sulak, L. R. and Svoboda, R. and Thornton, G. and van der Velde, J. C. and Wuest, C.},
  journal = {Phys. Rev. Lett.},
  volume = {58},
  issue = {14},
  pages = {1494--1496},
  numpages = {0},
  year = {1987},
  month = {Apr},
  publisher = {American Physical Society},
  doi = {10.1103/PhysRevLett.58.1494},
  url = {https://link.aps.org/doi/10.1103/PhysRevLett.58.1494}
}

@article{SN1987A_Baksan,
title = {Detection of the neutrino signal from SN 1987A in the LMC using the INR Baksan underground scintillation telescope},
journal = {Physics Letters B},
volume = {205},
number = {2},
pages = {209-214},
year = {1988},
issn = {0370-2693},
doi = {https://doi.org/10.1016/0370-2693(88)91651-6},
url = {https://www.sciencedirect.com/science/article/pii/0370269388916516},
author = {E.N. Alexeyev and L.N. Alexeyeva and I.V. Krivosheina and V.I. Volchenko},
abstract = {A signal of 5 events within 9.1 s was found in the Baksan scintillation telescope with a fiducial mass of 200 t at the KAMIOKANDE-II and IMB times on February 23, 1987. We have performed an analysis of the temporal distribution of the signals and obtained energy estimates of the signal. The properties of the Baksan events are very close to those of the KAMIOKANDE-II signal.}
}

@inproceedings{Markov:1960vja,
    author = "Markov, M. A.",
    title = "{On high energy neutrino physics}",
    booktitle = "{10th International Conference on High Energy Physics}",
    pages = "578--581",
    year = "1960"
}

@article{PhysRevD.42.3613,
  title = {Cosmic-ray muons in the deep ocean},
  author = {Babson, J. and Barish, B. and Becker-Szendy, R. and Bradner, H. and Cady, R. and Clem, J. and Dye, S. T. and Gaidos, J. and Gorham, P. and Grieder, P. K. F. and Jaworski, M. and Kitamura, T. and Kropp, W. and Learned, J. G. and Matsuno, S. and March, R. and Mitsui, K. and O'Connor, D. and Ohashi, Y. and Okada, A. and Peterson, V. and Price, L. and Reines, F. and Roberts, A. and Roos, C. and Sobel, H. and Stenger, V. J. and Webster, M. and Wilson, C.},
  collaboration = {DUMAND Collaboration},
  journal = {Phys. Rev. D},
  volume = {42},
  issue = {11},
  pages = {3613--3620},
  numpages = {0},
  year = {1990},
  month = {Dec},
  publisher = {American Physical Society},
  doi = {10.1103/PhysRevD.42.3613},
  url = {https://link.aps.org/doi/10.1103/PhysRevD.42.3613}
}


@article{BELOLAPTIKOV1997263,
title = {The Baikal underwater neutrino telescope: Design, performance, and first results},
journal = {Astroparticle Physics},
volume = {7},
number = {3},
pages = {263-282},
year = {1997},
issn = {0927-6505},
doi = {https://doi.org/10.1016/S0927-6505(97)00022-4},
url = {https://www.sciencedirect.com/science/article/pii/S0927650597000224},
author = {I.A Belolaptikov and L.B Bezrukov and B.A Borisovets and N.M Budnev and E.V Bugaev and A.G Chensky and I.A Danilchenko and J.-A.M Djilkibaev and V.I Dobrynin and G.V Domogatsky and L.A Donskych and A.A Doroshenko and G.N Dudkin and V.Yu Egorov and S.V Fialkovsky and A.A Garus and A Gaponenko and A.V Golikov and O.A Gress and T.A Gress and M.N Gushtan and R Heller and V.B Kabikov and H Heukenkamp and A Karle and A.M Klabukov and A.I Klimov and S.I Klimushin and A.P Koshechkin and J Krabi and V.F Kulepov and L.A Kuzmichov and O.Yu Lanin and A.L Lopin and B.K Lubsandorzhiev and M.B Milenin and T Mikolajski and R.R Mirgazov and A.V Moroz and N.I Moseiko and M.N Nemchenko and S.A Nikiforov and N.V Ogievetsky and E.A Osipova and A.N Padusenko and A.I Panfilov and Yu.V Parfenov and A.A Pavlov and D.P Petukhov and K.A Pocheikin and P.G Pokhil and P.A Pokolev and M.I Rosanov and V.Yu Rubzov and A.V Rzhestshitski and S.I Sinegovsky and I.A Sokalski and Ch Spiering and O Streicher and A.A Sumanov and L Tanko and T Thon and B.A Tarashanski and I.I Trofimenko and Ch Wiebusch and R Wischnewski and V.L Zurbanov},
keywords = {Underwater telescope, Cherenkov detector, Lake Baikal, Muons, Neutrinos, Track reconstruction, Magnetic monopoles},
abstract = {A first deep underwater detector for muons and neutrinos, NT-200, is currently under construction in Lake Baikal. Part of the detector, NT-36, with 36 photomultiplier tubes at three strings, has been installed in 1993. This array allowed for the first time a three-dimensional mapping of Cherenkov light deep underwater. Since then, various arrays have been almost continuously taking data. Presently a 96-PMT array is operating. We describe the NT-200 detector design and present results obtained with NT-36.}
}

@article{ANDRES20001,
title = {The AMANDA neutrino telescope: principle of operation and first results},
journal = {Astroparticle Physics},
volume = {13},
number = {1},
pages = {1-20},
year = {2000},
issn = {0927-6505},
doi = {https://doi.org/10.1016/S0927-6505(99)00092-4},
url = {https://www.sciencedirect.com/science/article/pii/S0927650599000924},
author = {E. Andres and P. Askebjer and S.W. Barwick and R. Bay and L. Bergström and A. Biron and J. Booth and A. Bouchta and S. Carius and M. Carlson and D. Cowen and E. Dalberg and T. DeYoung and P. Ekström and B. Erlandson and A. Goobar and L. Gray and A. Hallgren and F. Halzen and R. Hardtke and S. Hart and Y. He and H. Heukenkamp and G. Hill and P.O. Hulth and S. Hundertmark and J. Jacobsen and A. Jones and V. Kandhadai and A. Karle and B. Koci and P. Lindahl and I. Liubarsky and M. Leuthold and D.M. Lowder and P. Marciniewski and T. Mikolajski and T. Miller and P. Miocinovic and P. Mock and R. Morse and P. Niessen and C. {Pérez de los Heros} and R. Porrata and D. Potter and P.B. Price and G. Przybylski and A. Richards and S. Richter and P. Romenesko and H. Rubinstein and E. Schneider and T. Schmidt and R. Schwarz and M. Solarz and G.M. Spiczak and C. Spiering and O. Streicher and Q Sun and L. Thollander and T. Thon and S. Tilav and C. Walck and C. Wiebusch and R. Wischnewski and K. Woschnagg and G. Yodh},
abstract = {AMANDA is a high-energy neutrino telescope presently under construction at the geographical South Pole. In the Antarctic summer 1995/96, an array of 80 optical modules (OMs) arranged on 4 strings (AMANDA-B4) was deployed at depths between 1.5 and 2 km. In this paper we describe the design and performance of the AMANDA-B4 prototype, based on data collected between February and November 1996. Monte Carlo simulations of the detector response to down-going atmospheric muon tracks show that the global behavior of the detector is understood. We describe the data analysis method and present first results on atmospheric muon reconstruction and separation of neutrino candidates. The AMANDA array was upgraded with 216 OMs on 6 new strings in 1996/97 (AMANDA-B10), and 122 additional OMs on 3 strings in 1997/98.}
}

@article{AGERON201111,
title = {ANTARES: The first undersea neutrino telescope},
journal = {Nuclear Instruments and Methods in Physics Research Section A: Accelerators, Spectrometers, Detectors and Associated Equipment},
volume = {656},
number = {1},
pages = {11-38},
year = {2011},
issn = {0168-9002},
doi = {https://doi.org/10.1016/j.nima.2011.06.103},
url = {https://www.sciencedirect.com/science/article/pii/S0168900211013994},
author = {M. Ageron and J.A. Aguilar and I. {Al Samarai} and A. Albert and F. Ameli and M. André and M. Anghinolfi and G. Anton and S. Anvar and M. Ardid and K. Arnaud and E. Aslanides and A.C. {Assis Jesus} and T. Astraatmadja and J.-J. Aubert and R. Auer and E. Barbarito and B. Baret and S. Basa and M. Bazzotti and Y. Becherini and J. Beltramelli and A. Bersani and V. Bertin and S. Beurthey and S. Biagi and C. Bigongiari and M. Billault and R. Blaes and C. Bogazzi and N. {de Botton} and M. Bou-Cabo and B. Boudahef and M.C. Bouwhuis and A.M. Brown and J. Brunner and J. Busto and L. Caillat and A. Calzas and F. Camarena and A. Capone and L. Caponetto and C. Cârloganu and G. Carminati and E. Carmona and J. Carr and P.H. Carton and B. Cassano and E. Castorina and S. Cecchini and A. Ceres and Th. Chaleil and Ph. Charvis and P. Chauchot and T. Chiarusi and M. Circella and C. Compère and R. Coniglione and X. Coppolani and A. Cosquer and H. Costantini and N. Cottini and P. Coyle and S. Cuneo and C. Curtil and C. D'Amato and G. Damy and R. {van Dantzig} and G. {De Bonis} and G. Decock and M.P. Decowski and I. Dekeyser and E. Delagnes and F. Desages-Ardellier and A. Deschamps and J.-J. Destelle and F. {Di Maria} and B. Dinkespiler and C. Distefano and J.-L. Dominique and C. Donzaud and D. Dornic and Q. Dorosti and J.-F. Drogou and D. Drouhin and F. Druillole and D. Durand and R. Durand and T. Eberl and U. Emanuele and J.J. Engelen and J.-P. Ernenwein and S. Escoffier and E. Falchini and S. Favard and F. Fehr and F. Feinstein and M. Ferri and S. Ferry and C. Fiorello and V. Flaminio and F. Folger and U. Fritsch and J.-L. Fuda and S. Galatá and S. Galeotti and P. Gay and F. Gensolen and G. Giacomelli and C. Gojak and J.P. Gómez-González and Ph. Goret and K. Graf and G. Guillard and G. Halladjian and G. Hallewell and H. {van Haren} and B. Hartmann and A.J. Heijboer and E. Heine and Y. Hello and S. Henry and J.J. Hernández-Rey and B. Herold and J. Hößl and J. Hogenbirk and C.C. Hsu and J.R. Hubbard and M. Jaquet and M. Jaspers and M. {de Jong} and D. Jourde and M. Kadler and N. Kalantar-Nayestanaki and O. Kalekin and A. Kappes and T. Karg and S. Karkar and M. Karolak and U. Katz and P. Keller and P. Kestener and E. Kok and H. Kok and P. Kooijman and C. Kopper and A. Kouchner and W. Kretschmer and A. Kruijer and S. Kuch and V. Kulikovskiy and D. Lachartre and H. Lafoux and P. Lagier and R. Lahmann and C. Lahonde-Hamdoun and P. Lamare and G. Lambard and J.-C. Languillat and G. Larosa and J. Lavalle and Y. {Le Guen} and H. {Le Provost} and A. LeVanSuu and D. Lefèvre and T. Legou and G. Lelaizant and C. Lévéque and G. Lim and D. {Lo Presti} and H. Loehner and S. Loucatos and F. Louis and F. Lucarelli and V. Lyashuk and P. Magnier and S. Mangano and A. Marcel and M. Marcelin and A. Margiotta and J.A. Martinez-Mora and R. Masullo and F. Mazéas and A. Mazure and A. Meli and M. Melissas and E. Migneco and M. Mongelli and T. Montaruli and M. Morganti and L. Moscoso and H. Motz and M. Musumeci and C. Naumann and M. Naumann-Godo and M. Neff and V. Niess and G.J.L. Nooren and J.E.J. Oberski and C. Olivetto and N. Palanque-Delabrouille and D. Palioselitis and R. Papaleo and G.E. Păvălaş and K. Payet and P. Payre and H. Peek and J. Petrovic and P. Piattelli and N. Picot-Clemente and C. Picq and Y. Piret and J. Poinsignon and V. Popa and T. Pradier and E. Presani and G. Prono and C. Racca and G. Raia and J. {van Randwijk} and D. Real and C. Reed and F. Réthoré and P. Rewiersma and G. Riccobene and C. Richardt and R. Richter and J.S. Ricol and V. Rigaud and V. Roca and K. Roensch and J.-F. Rolin and A. Rostovtsev and A. Rottura and J. Roux and M. Rujoiu and M. Ruppi and G.V. Russo and F. Salesa and K. Salomon and P. Sapienza and F. Schmitt and F. Schöck and J.-P. Schuller and F. Schüssler and D. Sciliberto and R. Shanidze and E. Shirokov and F. Simeone and A. Sottoriva and A. Spies and T. Spona and M. Spurio and J.J.M. Steijger and Th. Stolarczyk and K. Streeb and L. Sulak and M. Taiuti and C. Tamburini and C. Tao and L. Tasca and G. Terreni and D. Tezier and S. Toscano and F. Urbano and P. Valdy and B. Vallage and V. {Van Elewyck} and G. Vannoni and M. Vecchi and G. Venekamp and B. Verlaat and P. Vernin and E. Virique and G. {de Vries} and R. {van Wijk} and G. Wijnker and G. Wobbe and E. {de Wolf} and Y. Yakovenko and H. Yepes and D. Zaborov and H. Zaccone and J.D. Zornoza and J. Zúñiga},
keywords = {Neutrino, Astroparticle, Neutrino astronomy, Deep sea detector, Marine technology, DWDM, Photomultiplier tube, Submarine cable, Wet mateable connector},

}

@article{MARGIOTTA201483,
title = {The KM3NeT deep-sea neutrino telescope},
journal = {Nuclear Instruments and Methods in Physics Research Section A: Accelerators, Spectrometers, Detectors and Associated Equipment},
volume = {766},
pages = {83-87},
year = {2014},
note = {RICH2013 Proceedings of the Eighth International Workshop on Ring Imaging Cherenkov Detectors Shonan, Kanagawa, Japan, December 2-6, 2013},
issn = {0168-9002},
author = {Annarita Margiotta},
}

%IceCube Papers

@article{Aartsen_2017,
	doi = {10.1088/1748-0221/12/03/p03012},
	url = {https://doi.org/10.1088%2F1748-0221%2F12%2F03%2Fp03012},
	year = 2017,
	month = {03},
	publisher = {{IOP} Publishing},
	volume = {12},
	number = {03},
	pages = {P03012--P03012},
	author = {M. G. Aartsen and M. Ackermann and J. Adams and J.A. Aguilar and M. Ahlers and M. Ahrens and D. Altmann and K. Andeen and T. Anderson and I. Ansseau and G. Anton and M. Archinger and C. Argüelles and R. Auer and J. Auffenberg and S. Axani and J. Baccus and X. Bai and S. Barnet and S.W. Barwick and V. Baum and R. Bay and K. Beattie and J.J. Beatty and J. Becker Tjus and K.-H. Becker and T. Bendfelt and S. BenZvi and D. Berley and E. Bernardini and A. Bernhard and D.Z. Besson and G. Binder and D. Bindig and M. Bissok and E. Blaufuss and S. Blot and D. Boersma and C. Bohm and M. Börner and F. Bos and D. Bose and S. Böser and O. Botner and A. Bouchta and J. Braun and L. Brayeur and H.-P. Bretz and S. Bron and A. Burgman and C. Burreson and T. Carver and M. Casier and E. Cheung and D. Chirkin and A. Christov and K. Clark and L. Classen and S. Coenders and G.H. Collin and J.M. Conrad and D.F. Cowen and R. Cross and C. Day and M. Day and J.P.A.M. de Andr{\'{e}
} and C. De Clercq and E. del Pino Rosendo and H. Dembinski and S. De Ridder and F. Descamps and P. Desiati and K.D. de Vries and G. de Wasseige and M. de With and T. DeYoung and J.C. D{\'{\i}}az-V{\'{e}}lez and V. di Lorenzo and H. Dujmovic and J.P. Dumm and M. Dunkman and B. Eberhardt and W.R. Edwards and T. Ehrhardt and B. Eichmann and P. Eller and S. Euler and P.A. Evenson and S. Fahey and A.R. Fazely and J. Feintzeig and J. Felde and K. Filimonov and C. Finley and S. Flis and C.-C. Fösig and A. Franckowiak and M. Fr{\`{e}}re and E. Friedman and T. Fuchs and T.K. Gaisser and J. Gallagher and L. Gerhardt and K. Ghorbani and W. Giang and L. Gladstone and T. Glauch and D. Glowacki and T. Glüsenkamp and A. Goldschmidt and J.G. Gonzalez and D. Grant and Z. Griffith and L. Gustafsson and C. Haack and A. Hallgren and F. Halzen and E. Hansen and T. Hansmann and K. Hanson and J. Haugen and D. Hebecker and D. Heereman and K. Helbing and R. Hellauer and R. Heller and S. Hickford and J. Hignight and G.C. Hill and K.D. Hoffman and R. Hoffmann and K. Hoshina and F. Huang and M. Huber and P.O. Hulth and K. Hultqvist and S. In and M. Inaba and A. Ishihara and E. Jacobi and J. Jacobsen and G.S. Japaridze and M. Jeong and K. Jero and A. Jones and B.J.P. Jones and J. Joseph and W. Kang and A. Kappes and T. Karg and A. Karle and U. Katz and M. Kauer and A. Keivani and J.L. Kelley and J. Kemp and A. Kheirandish and J. Kim and M. Kim and T. Kintscher and J. Kiryluk and N. Kitamura and T. Kittler and S.R. Klein and S. Kleinfelder and M. Kleist and G. Kohnen and R. Koirala and H. Kolanoski and R. Konietz and L. Köpke and C. Kopper and S. Kopper and D.J. Koskinen and M. Kowalski and M. Krasberg and K. Krings and M. Kroll and G. Krückl and C. Krüger and J. Kunnen and S. Kunwar and N. Kurahashi and T. Kuwabara and M. Labare and K. Laihem and H. Landsman and J.L. Lanfranchi and M.J. Larson and F. Lauber and A. Laundrie and D. Lennarz and H. Leich and M. Lesiak-Bzdak and M. Leuermann and L. Lu and J. Ludwig and J. Lünemann and C. Mackenzie and J. Madsen and G. Maggi and K.B.M. Mahn and S. Mancina and M. Mandelartz and R. Maruyama and K. Mase and H. Matis and R. Maunu and F. McNally and C.P. McParland and P. Meade and K. Meagher and M. Medici and M. Meier and A. Meli and T. Menne and G. Merino and T. Meures and S. Miarecki and R.H. Minor and T. Montaruli and M. Moulai and T. Murray and R. Nahnhauer and U. Naumann and G. Neer and M. Newcomb and H. Niederhausen and S.C. Nowicki and D.R. Nygren and A. Obertacke Pollmann and A. Olivas and A. O{\textquotesingle}Murchadha and T. Palczewski and H. Pandya and D.V. Pankova and S. Patton and P. Peiffer and Ö. Penek and J.A. Pepper and C. P{\'{e}}rez de los Heros and C. Pettersen and D. Pieloth and E. Pinat and P.B. Price and G.T. Przybylski and M. Quinnan and C. Raab and L. Rädel and M. Rameez and K. Rawlins and R. Reimann and B. Relethford and M. Relich and E. Resconi and W. Rhode and M. Richman and B. Riedel and S. Robertson and M. Rongen and C. Roucelle and C. Rott and T. Ruhe and D. Ryckbosch and D. Rysewyk and L. Sabbatini and S.E. Sanchez Herrera and A. Sandrock and J. Sandroos and P. Sandstrom and S. Sarkar and K. Satalecka and P. Schlunder and T. Schmidt and S. Schoenen and S. Schöneberg and A. Schukraft and L. Schumacher and D. Seckel and S. Seunarine and M. Solarz and D. Soldin and M. Song and G.M. Spiczak and C. Spiering and T. Stanev and A. Stasik and J. Stettner and A. Steuer and T. Stezelberger and R.G. Stokstad and A. Stö{\ss}l and R. Ström and N.L. Strotjohann and K.-H. Sulanke and G.W. Sullivan and M. Sutherland and H. Taavola and I. Taboada and J. Tatar and F. Tenholt and S. Ter-Antonyan and A. Terliuk and G. Te{\v{s}}i{\'{c}} and L. Thollander and S. Tilav and P.A. Toale and M.N. Tobin and S. Toscano and D. Tosi and M. Tselengidou and A. Turcati and E. Unger and M. Usner and J. Vandenbroucke and N. van Eijndhoven and S. Vanheule and M. van Rossem and J. van Santen and M. Vehring and M. Voge and E. Vogel and M. Vraeghe and D. Wahl and C. Walck and A. Wallace and M. Wallraff and N. Wandkowsky and Ch. Weaver and M.J. Weiss and C. Wendt and S. Westerhoff and D. Wharton and B.J. Whelan and S. Wickmann and K. Wiebe and C.H. Wiebusch and L. Wille and D.R. Williams and L. Wills and P. Wisniewski and M. Wolf and T.R. Wood and E. Woolsey and K. Woschnagg and D.L. Xu and X.W. Xu and Y. Xu and J.P. Yanez and G. Yodh and S. Yoshida and M. Zoll},
	title = {The {IceCube} Neutrino Observatory: instrumentation and online systems},
	journal = {Journal of Instrumentation}
}


@article{Abbasi_2009,
	doi = {10.1016/j.nima.2009.01.001},
  
	url = {https://doi.org/10.1016%2Fj.nima.2009.01.001},
  
	year = 2009,
	month = {apr},
  
	publisher = {Elsevier {BV}
},
  
	volume = {601},
  
	number = {3},
  
	pages = {294--316},
  
	author = {R. Abbasi and M. Ackermann and J. Adams and M. Ahlers and J. Ahrens and K. Andeen and J. Auffenberg and X. Bai and M. Baker and S.W. Barwick and R. Bay and J.L. Bazo Alba and K. Beattie and T. Becka and J.K. Becker and K.-H. Becker and P. Berghaus and D. Berley and E. Bernardini and D. Bertrand and D.Z. Besson and B. Bingham and E. Blaufuss and D.J. Boersma and C. Bohm and J. Bolmont and S. Böser and O. Botner and J. Braun and D. Breeder and T. Burgess and W. Carithers and T. Castermans and H. Chen and D. Chirkin and B. Christy and J. Clem and D.F. Cowen and M.V. D'Agostino and M. Danninger and A. Davour and C.T. Day and O. Depaepe and C. De Clercq and L. Demirörs and F. Descamps and P. Desiati and G. de Vries-Uiterweerd and T. DeYoung and J.C. Diaz-Velez and J. Dreyer and J.P. Dumm and M.R. Duvoort and W.R. Edwards and R. Ehrlich and J. Eisch and R.W. Ellsworth and O. Engdeg{\aa}rd and S. Euler and P.A. Evenson and O. Fadiran and A.R. Fazely and T. Feusels and K. Filimonov and C. Finley and M.M. Foerster and B.D. Fox and A. Franckowiak and R. Franke and T.K. Gaisser and J. Gallagher and R. Ganugapati and L. Gerhardt and L. Gladstone and D. Glowacki and A. Goldschmidt and J.A. Goodman and R. Gozzini and D. Grant and T. Griesel and A. Gro{\ss} and S. Grullon and R.M. Gunasingha and M. Gurtner and C. Ha and A. Hallgren and F. Halzen and K. Han and K. Hanson and R. Hardtke and Y. Hasegawa and J. Haugen and D. Hays and J. Heise and K. Helbing and M. Hellwig and P. Herquet and S. Hickford and G.C. Hill and J. Hodges and K.D. Hoffman and K. Hoshina and D. Hubert and W. Huelsnitz and B. Hughey and J.-P. Hül{\ss} and P.O. Hulth and K. Hultqvist and S. Hussain and R.L. Imlay and M. Inaba and A. Ishihara and J. Jacobsen and G.S. Japaridze and H. Johansson and A. Jones and J.M. Joseph and K.-H. Kampert and A. Kappes and T. Karg and A. Karle and H. Kawai and J.L. Kelley and J. Kiryluk and F. Kislat and S.R. Klein and S. Kleinfelder and S. Klepser and G. Kohnen and H. Kolanoski and L. Köpke and M. Kowalski and T. Kowarik and M. Krasberg and K. Kuehn and E. Kujawski and T. Kuwabara and M. Labare and K. Laihem and H. Landsman and R. Lauer and A. Laundrie and H. Leich and D. Leier and C. Lewis and A. Lucke and J. Ludvig and J. Lundberg and J. Lünemann and J. Madsen and R. Maruyama and K. Mase and H.S. Matis and C.P. McParland and K. Meagher and A. Meli and M. Merck and T. Messarius and P. M{\'{e}}sz{\'{a}}ros and R.H. Minor and H. Miyamoto and A. Mohr and A. Mokhtarani and T. Montaruli and R. Morse and S.M. Movit and K. Münich and A. Muratas and R. Nahnhauer and J.W. Nam and P. Nie{\ss}en and D.R. Nygren and S. Odrowski and A. Olivas and M. Olivo and M. Ono and S. Panknin and S. Patton and C. P{\'{e}}rez de los Heros and J. Petrovic and A. Piegsa and D. Pieloth and A.C. Pohl and R. Porrata and N. Potthoff and J. Pretz and P.B. Price and G.T. Przybylski and K. Rawlins and S. Razzaque and P. Redl and E. Resconi and W. Rhode and M. Ribordy and A. Rizzo and W.J. Robbins and J.P. Rodrigues and P. Roth and F. Rothmaier and C. Rott and C. Roucelle and D. Rutledge and D. Ryckbosch and H.-G. Sander and S. Sarkar and K. Satalecka and P. Sandstrom and S. Schlenstedt and T. Schmidt and D. Schneider and O. Schulz and D. Seckel and B. Semburg and S.H. Seo and Y. Sestayo and S. Seunarine and A. Silvestri and A.J. Smith and C. Song and J.E. Sopher and G.M. Spiczak and C. Spiering and T. Stanev and T. Stezelberger and R.G. Stokstad and M.C. Stoufer and S. Stoyanov and E.A. Strahler and T. Straszheim and K.-H. Sulanke and G.W. Sullivan and Q. Swillens and I. Taboada and O. Tarasova and A. Tepe and S. Ter-Antonyan and S. Tilav and M. Tluczykont and P.A. Toale and D. Tosi and D. Tur{\v{c}}an and N. van Eijndhoven and J. Vandenbroucke and A. Van Overloop and V. Viscomi and C. Vogt and B. Voigt and C.Q. Vu and D. Wahl and C. Walck and T. Waldenmaier and H. Waldmann and M. Walter and C. Wendt and S. Westerhof and N. Whitehorn and D. Wharton and C.H. Wiebusch and C. Wiedemann and G. Wikström and D.R. Williams and R. Wischnewski and H. Wissing and K. Woschnagg and X.W. Xu and G. Yodh and S. Yoshida},
  
	title = {The {IceCube} data acquisition system: Signal capture, digitization, and timestamping},
  
	journal = {Nuclear Instruments and Methods in Physics Research Section A: Accelerators, Spectrometers, Detectors and Associated Equipment}
}

@article{deepcoredesign,
	doi = {10.1016/j.astropartphys.2012.01.004},
  
	url = {https://doi.org/10.1016%2Fj.astropartphys.2012.01.004},
  
	year = 2012,
	month = {may},
  
	publisher = {Elsevier {BV}
},
  
	volume = {35},
  
	number = {10},
  
	pages = {615--624},
  
	author = {R. Abbasi and Y. Abdou and T. Abu-Zayyad and M. Ackermann and J. Adams and J.A. Aguilar and M. Ahlers and M.M. Allen and D. Altmann and K. Andeen and J. Auffenberg and X. Bai and M. Baker and S.W. Barwick and R. Bay and J.L. Bazo Alba and K. Beattie and J.J. Beatty and S. Bechet and J.K. Becker and K.-H. Becker and M.L. Benabderrahmane and S. BenZvi and J. Berdermann and P. Berghaus and D. Berley and E. Bernardini and D. Bertrand and D.Z. Besson and D. Bindig and M. Bissok and E. Blaufuss and J. Blumenthal and D.J. Boersma and C. Bohm and D. Bose and S. Böser and O. Botner and A.M. Brown and S. Buitink and K.S. Caballero-Mora and M. Carson and D. Chirkin and B. Christy and F. Clevermann and S. Cohen and C. Colnard and D.F. Cowen and A.H. Cruz Silva and M.V. D'Agostino and M. Danninger and J. Daughhetee and J.C. Davis and C. De Clercq and T. Degner and L. Demirörs and F. Descamps and P. Desiati and G. de Vries-Uiterweerd and T. DeYoung and J.C. D{\'{\i}}az-V{\'{e}}lez and M. Dierckxsens and J. Dreyer and J.P. Dumm and M. Dunkman and J. Eisch and R.W. Ellsworth and O. Engdeg{\aa}rd and S. Euler and P.A. Evenson and O. Fadiran and A.R. Fazely and A. Fedynitch and J. Feintzeig and T. Feusels and K. Filimonov and C. Finley and T. Fischer-Wasels and B.D. Fox and A. Franckowiak and R. Franke and T.K. Gaisser and J. Gallagher and L. Gerhardt and L. Gladstone and T. Glüsenkamp and A. Goldschmidt and J.A. Goodman and D. G{\'{o}}ra and D. Grant and T. Griesel and A. Gro{\ss} and S. Grullon and M. Gurtner and C. Ha and A. Haj Ismail and A. Hallgren and F. Halzen and K. Han and K. Hanson and D. Heinen and K. Helbing and R. Hellauer and S. Hickford and G.C. Hill and K.D. Hoffman and B. Hoffmann and A. Homeier and K. Hoshina and W. Huelsnitz and J.-P. Hül{\ss} and P.O. Hulth and K. Hultqvist and S. Hussain and A. Ishihara and E. Jacobi and J. Jacobsen and G.S. Japaridze and H. Johansson and K.-H. Kampert and A. Kappes and T. Karg and A. Karle and P. Kenny and J. Kiryluk and F. Kislat and S.R. Klein and J.-H. Köhne and G. Kohnen and H. Kolanoski and L. Köpke and D.J. Koskinen and M. Kowalski and T. Kowarik and M. Krasberg and G. Kroll and N. Kurahashi and T. Kuwabara and M. Labare and K. Laihem and H. Landsman and M.J. Larson and R. Lauer and J. Lünemann and J. Madsen and A. Marotta and R. Maruyama and K. Mase and H.S. Matis and K. Meagher and M. Merck and P. M{\'{e}}sz{\'{a}}ros and T. Meures and S. Miarecki and E. Middell and N. Milke and J. Miller and T. Montaruli and R. Morse and S.M. Movit and R. Nahnhauer and J.W. Nam and U. Naumann and D.R. Nygren and S. Odrowski and A. Olivas and M. Olivo and A. O'Murchadha and S. Panknin and L. Paul and C. P{\'{e}}rez de los Heros and J. Petrovic and A. Piegsa and D. Pieloth and R. Porrata and J. Posselt and P.B. Price and G.T. Przybylski and K. Rawlins and P. Redl and E. Resconi and W. Rhode and M. Ribordy and M. Richman and J.P. Rodrigues and F. Rothmaier and C. Rott and T. Ruhe and D. Rutledge and B. Ruzybayev and D. Ryckbosch and H.-G. Sander and M. Santander and S. Sarkar and K. Schatto and T. Schmidt and A. Schönwald and A. Schukraft and A. Schultes and O. Schulz and M. Schunck and D. Seckel and B. Semburg and S.H. Seo and Y. Sestayo and S. Seunarine and A. Silvestri and G.M. Spiczak and C. Spiering and M. Stamatikos and T. Stanev and T. Stezelberger and R.G. Stokstad and A. Stö{\ss}l and E.A. Strahler and R. Ström and M. Stüer and G.W. Sullivan and Q. Swillens and H. Taavola and I. Taboada and A. Tamburro and A. Tepe and S. Ter-Antonyan and S. Tilav and P.A. Toale and S. Toscano and D. Tosi and N. van Eijndhoven and J. Vandenbroucke and A. Van Overloop and J. van Santen and M. Vehring and M. Voge and C. Walck and T. Waldenmaier and M. Wallraff and M. Walter and Ch. Weaver and C. Wendt and S. Westerhoff and N. Whitehorn and K. Wiebe and C.H. Wiebusch and D.R. Williams and R. Wischnewski and H. Wissing and M. Wolf and T.R. Wood and K. Woschnagg and C. Xu and D.L. Xu and X.W. Xu and J.P. Yanez and G. Yodh and S. Yoshida and P. Zarzhitsky and M. Zoll},
  
	title = {The design and performance of {IceCube} {DeepCore}},
  
	journal = {Astroparticle Physics}
}

@article{Aartsen_2019_oscillations,
	doi = {10.1103/physrevd.99.032007},
  
	url = {https://doi.org/10.1103%2Fphysrevd.99.032007},
  
	year = 2019,
	month = {feb},
  
	publisher = {American Physical Society ({APS})},
  
	volume = {99},
  
	number = {3},
  
	author = {M. G. Aartsen and M. Ackermann and J. Adams and J.{\hspace{0.167em}}A. Aguilar and M. Ahlers and M. Ahrens and D. Altmann and K. Andeen and T. Anderson and I. Ansseau and G. Anton and C. Argüelles and J. Auffenberg and S. Axani and P. Backes and H. Bagherpour and X. Bai and A. Barbano and J.{\hspace{0.167em}}P. Barron and S.{\hspace{0.167em}}W. Barwick and V. Baum and R. Bay and J.{\hspace{0.167em}}J. Beatty and K.-H. Becker and J. Becker Tjus and S. BenZvi and D. Berley and E. Bernardini and D.{\hspace{0.167em}}Z. Besson and G. Binder and D. Bindig and E. Blaufuss and S. Blot and C. Bohm and M. Börner and S. Böser and O. Botner and E. Bourbeau and J. Bourbeau and F. Bradascio and J. Braun and H.-P. Bretz and S. Bron and J. Brostean-Kaiser and A. Burgman and R.{\hspace{0.167em}}S. Busse and T. Carver and C. Chen and E. Cheung and D. Chirkin and K. Clark and L. Classen and G.{\hspace{0.167em}}H. Collin and J.{\hspace{0.167em}}M. Conrad and P. Coppin and P. Correa and D.{\hspace{0.167em}}F. Cowen and R. Cross and P. Dave and J.{\hspace{0.167em}}P.{\hspace{0.167em}}A.{\hspace{0.167em}}M. de Andr{\'{e}} and C. De Clercq and J.{\hspace{0.167em}}J. DeLaunay and H. Dembinski and K. Deoskar and S. De Ridder and P. Desiati and K.{\hspace{0.167em}}D. de Vries and G. de Wasseige and M. de With and T. DeYoung and J.{\hspace{0.167em}}C. D{\'{\i}}az-V{\'{e}}lez and H. Dujmovic and M. Dunkman and E. Dvorak and B. Eberhardt and T. Ehrhardt and P. Eller and P.{\hspace{0.167em}}A. Evenson and S. Fahey and A.{\hspace{0.167em}}R. Fazely and J. Felde and K. Filimonov and C. Finley and A. Franckowiak and E. Friedman and A. Fritz and T.{\hspace{0.167em}}K. Gaisser and J. Gallagher and E. Ganster and S. Garrappa and L. Gerhardt and K. Ghorbani and W. Giang and T. Glauch and T. Glüsenkamp and A. Goldschmidt and J.{\hspace{0.167em}}G. Gonzalez and D. Grant and Z. Griffith and M. Gündüz and C. Haack and A. Hallgren and L. Halve and F. Halzen and K. Hanson and D. Hebecker and D. Heereman and K. Helbing and R. Hellauer and F. Henningsen and S. Hickford and J. Hignight and G.{\hspace{0.167em}}C. Hill and K.{\hspace{0.167em}}D. Hoffman and R. Hoffmann and T. Hoinka and B. Hokanson-Fasig and K. Hoshina and F. Huang and M. Huber and K. Hultqvist and M. Hünnefeld and R. Hussain and S. In and N. Iovine and A. Ishihara and E. Jacobi and G.{\hspace{0.167em}}S. Japaridze and M. Jeong and K. Jero and B.{\hspace{0.167em}}J.{\hspace{0.167em}}P. Jones and P. Kalaczynski and W. Kang and A. Kappes and D. Kappesser and T. Karg and M. Karl and A. Karle and U. Katz and M. Kauer and A. Keivani and J.{\hspace{0.167em}}L. Kelley and A. Kheirandish and J. Kim and T. Kintscher and J. Kiryluk and T. Kittler and S.{\hspace{0.167em}}R. Klein and R. Koirala and H. Kolanoski and L. Köpke and C. Kopper and S. Kopper and D.{\hspace{0.167em}}J. Koskinen and M. Kowalski and K. Krings and G. Krückl and S. Kunwar and N. Kurahashi and A. Kyriacou and M. Labare and J.{\hspace{0.167em}}L. Lanfranchi and M.{\hspace{0.167em}}J. Larson and F. Lauber and J.{\hspace{0.167em}}P. Lazar and K. Leonard and M. Leuermann and Q.{\hspace{0.167em}}R. Liu and E. Lohfink and C.{\hspace{0.167em}}J. Lozano Mariscal and L. Lu and J. Lünemann and W. Luszczak and J. Madsen and G. Maggi and K.{\hspace{0.167em}}B.{\hspace{0.167em}}M. Mahn and Y. Makino and K. Mallot and S. Mancina and I.{\hspace{0.167em}}C. Mari{\c{s}} and R. Maruyama and K. Mase and R. Maunu and K. Meagher and M. Medici and A. Medina and M. Meier and S. Meighen-Berger and T. Menne and G. Merino and T. Meures and S. Miarecki and J. Micallef and G. Moment{\'{e}} and T. Montaruli and R.{\hspace{0.167em}}W. Moore and M. Moulai and R. Nagai and R. Nahnhauer and P. Nakarmi and U. Naumann and G. Neer and H. Niederhausen and S.{\hspace{0.167em}}C. Nowicki and D.{\hspace{0.167em}}R. Nygren and A. Obertacke Pollmann and A. Olivas and A. O'Murchadha and E. O'Sullivan and T. Palczewski and H. Pandya and D.{\hspace{0.167em}}V. Pankova and N. Park and P. Peiffer and C. P{\'{e}}rez de los Heros and D. Pieloth and E. Pinat and A. Pizzuto and M. Plum and P.{\hspace{0.167em}}B. Price and G.{\hspace{0.167em}}T. Przybylski and C. Raab and A. Raissi and M. Rameez and L. Rauch and K. Rawlins and I.{\hspace{0.167em}}C. Rea and R. Reimann and B. Relethford and G. Renzi and E. Resconi and W. Rhode and M. Richman and S. Robertson and M. Rongen and C. Rott and T. Ruhe and D. Ryckbosch and D. Rysewyk and I. Safa and S.{\hspace{0.167em}}E. Sanchez Herrera and A. Sandrock and J. Sandroos and M. Santander and S. Sarkar and S. Sarkar and K. Satalecka and M. Schaufel and P. Schlunder and T. Schmidt and A. Schneider and J. Schneider and L. Schumacher and S. Sclafani and D. Seckel and S. Seunarine and M. Silva and R. Snihur and J. Soedingrekso and D. Soldin and M. Song and G.{\hspace{0.167em}}M. Spiczak and C. Spiering and J. Stachurska and M. Stamatikos and T. Stanev and A. Stasik and R. Stein and J. Stettner and A. Steuer and T. Stezelberger and R.{\hspace{0.167em}}G. Stokstad and A. Stö{\ss}l and N.{\hspace{0.167em}}L. Strotjohann and T. Stuttard and G.{\hspace{0.167em}}W. Sullivan and M. Sutherland and I. Taboada and F. Tenholt and S. Ter-Antonyan and A. Terliuk and S. Tilav and L. Tomankova and C. Tönnis and S. Toscano and D. Tosi and M. Tselengidou and C.{\hspace{0.167em}}F. Tung and A. Turcati and R. Turcotte and C.{\hspace{0.167em}}F. Turley and B. Ty and E. Unger and M.{\hspace{0.167em}}A. Unland Elorrieta and M. Usner and J. Vandenbroucke and W. Van Driessche and D. van Eijk and N. van Eijndhoven and S. Vanheule and J. van Santen and M. Vraeghe and C. Walck and A. Wallace and M. Wallraff and N. Wandkowsky and F.{\hspace{0.167em}}D. Wandler and T.{\hspace{0.167em}}B. Watson and C. Weaver and M.{\hspace{0.167em}}J. Weiss and J. Weldert and C. Wendt and J. Werthebach and S. Westerhoff and B.{\hspace{0.167em}}J. Whelan and N. Whitehorn and K. Wiebe and C.{\hspace{0.167em}}H. Wiebusch and L. Wille and D.{\hspace{0.167em}}R. Williams and L. Wills and M. Wolf and J. Wood and T.{\hspace{0.167em}}R. Wood and E. Woolsey and K. Woschnagg and G. Wrede and D.{\hspace{0.167em}}L. Xu and X.{\hspace{0.167em}}W. Xu and Y. Xu and J.{\hspace{0.167em}}P. Yanez and G. Yodh and S. Yoshida and T. Yuan and},
  
	title = {Measurement of atmospheric tau neutrino appearance with {IceCube} {DeepCore}},
  
	journal = {Physical Review D}
}

@article{Abbasi_2022,
	doi = {10.1103/physrevd.105.062004},
	url = {https://doi.org/10.1103%2Fphysrevd.105.062004},
	year = 2022,
	month = {mar},
	publisher = {American Physical Society ({APS})},
	volume = {105},
	number = {6},
	author = {R. Abbasi and M. Ackermann and J. Adams and J.{\hspace{0.167em}
}A. Aguilar and M. Ahlers and M. Ahrens and J.{\hspace{0.167em}}M. Alameddine and C. Alispach and A.{\hspace{0.167em}}A. Alves and N.{\hspace{0.167em}}M. Amin and K. Andeen and T. Anderson and G. Anton and C. Argüelles and Y. Ashida and S. Axani and X. Bai and A. Balagopal and A. Barbano and S.{\hspace{0.167em}}W. Barwick and B. Bastian and V. Basu and S. Baur and R. Bay and J.{\hspace{0.167em}}J. Beatty and K.-H. Becker and J. Becker Tjus and C. Bellenghi and S. BenZvi and D. Berley and E. Bernardini and D.{\hspace{0.167em}}Z. Besson and G. Binder and D. Bindig and E. Blaufuss and S. Blot and M. Boddenberg and F. Bontempo and J. Borowka and S. Böser and O. Botner and J. Böttcher and E. Bourbeau and F. Bradascio and J. Braun and B. Brinson and S. Bron and J. Brostean-Kaiser and S. Browne and A. Burgman and R.{\hspace{0.167em}}T. Burley and R.{\hspace{0.167em}}S. Busse and M.{\hspace{0.167em}}A. Campana and E.{\hspace{0.167em}}G. Carnie-Bronca and C. Chen and Z. Chen and D. Chirkin and K. Choi and B.{\hspace{0.167em}}A. Clark and K. Clark and L. Classen and A. Coleman and G.{\hspace{0.167em}}H. Collin and J.{\hspace{0.167em}}M. Conrad and P. Coppin and P. Correa and D.{\hspace{0.167em}}F. Cowen and R. Cross and C. Dappen and P. Dave and C. De Clercq and J.{\hspace{0.167em}}J. DeLaunay and D. Delgado L{\'{o}}pez and H. Dembinski and K. Deoskar and A. Desai and P. Desiati and K.{\hspace{0.167em}}D. de Vries and G. de Wasseige and M. de With and T. DeYoung and A. Diaz and J.{\hspace{0.167em}}C. D{\'{\i}}az-V{\'{e}}lez and M. Dittmer and H. Dujmovic and M. Dunkman and M.{\hspace{0.167em}}A. DuVernois and E. Dvorak and T. Ehrhardt and P. Eller and R. Engel and H. Erpenbeck and J. Evans and P.{\hspace{0.167em}}A. Evenson and K.{\hspace{0.167em}}L. Fan and A.{\hspace{0.167em}}R. Fazely and N. Feigl and S. Fiedlschuster and A.{\hspace{0.167em}}T. Fienberg and K. Filimonov and C. Finley and L. Fischer and D. Fox and A. Franckowiak and E. Friedman and A. Fritz and P. Fürst and T.{\hspace{0.167em}}K. Gaisser and J. Gallagher and E. Ganster and A. Garcia and S. Garrappa and L. Gerhardt and A. Ghadimi and C. Glaser and T. Glauch and T. Glüsenkamp and J.{\hspace{0.167em}}G. Gonzalez and S. Goswami and D. Grant and T. Gr{\'{e}}goire and S. Griswold and C. Günther and P. Gutjahr and C. Haack and A. Hallgren and R. Halliday and L. Halve and F. Halzen and M. Ha Minh and K. Hanson and J. Hardin and A.{\hspace{0.167em}}A. Harnisch and A. Haungs and D. Hebecker and K. Helbing and F. Henningsen and E.{\hspace{0.167em}}C. Hettinger and S. Hickford and J. Hignight and C. Hill and G.{\hspace{0.167em}}C. Hill and K.{\hspace{0.167em}}D. Hoffman and R. Hoffmann and B. Hokanson-Fasig and K. Hoshina and F. Huang and M. Huber and T. Huber and K. Hultqvist and M. Hünnefeld and R. Hussain and K. Hymon and S. In and N. Iovine and A. Ishihara and M. Jansson and G.{\hspace{0.167em}}S. Japaridze and M. Jeong and M. Jin and B.{\hspace{0.167em}}J.{\hspace{0.167em}}P. Jones and D. Kang and W. Kang and X. Kang and A. Kappes and D. Kappesser and L. Kardum and T. Karg and M. Karl and A. Karle and U. Katz and M. Kauer and M. Kellermann and J.{\hspace{0.167em}}L. Kelley and A. Kheirandish and K. Kin and T. Kintscher and J. Kiryluk and S.{\hspace{0.167em}}R. Klein and R. Koirala and H. Kolanoski and T. Kontrimas and L. Köpke and C. Kopper and S. Kopper and D.{\hspace{0.167em}}J. Koskinen and P. Koundal and M. Kovacevich and M. Kowalski and T. Kozynets and E. Kun and N. Kurahashi and N. Lad and C. Lagunas Gualda and J.{\hspace{0.167em}}L. Lanfranchi and M.{\hspace{0.167em}}J. Larson and F. Lauber and J.{\hspace{0.167em}}P. Lazar and J.{\hspace{0.167em}}W. Lee and K. Leonard and A. Leszczy{\'{n}}ska and Y. Li and M. Lincetto and Q.{\hspace{0.167em}}R. Liu and M. Liubarska and E. Lohfink and C.{\hspace{0.167em}}J. Lozano Mariscal and L. Lu and F. Lucarelli and A. Ludwig and W. Luszczak and Y. Lyu and W.{\hspace{0.167em}}Y. Ma and J. Madsen and K.{\hspace{0.167em}}B.{\hspace{0.167em}}M. Mahn and Y. Makino and S. Mancina and I.{\hspace{0.167em}}C. Mari{\c{s}} and I. Martinez-Soler and R. Maruyama and K. Mase and T. McElroy and F. McNally and J.{\hspace{0.167em}}V. Mead and K. Meagher and S. Mechbal and A. Medina and M. Meier and S. Meighen-Berger and J. Micallef and D. Mockler and T. Montaruli and R.{\hspace{0.167em}}W. Moore and R. Morse and M. Moulai and R. Naab and R. Nagai and U. Naumann and J. Necker and G. Neer and L.{\hspace{0.167em}}V. Nguyễn and H. Niederhausen and M.{\hspace{0.167em}}U. Nisa and S.{\hspace{0.167em}}C. Nowicki and A. Obertacke Pollmann and M. Oehler and B. Oeyen and A. Olivas and E. O'Sullivan and H. Pandya and D.{\hspace{0.167em}}V. Pankova and N. Park and G.{\hspace{0.167em}}K. Parker and E.{\hspace{0.167em}}N. Paudel and L. Paul and C. P{\'{e}}rez de los Heros and L. Peters and J. Peterson and S. Philippen and S. Pieper and M. Pittermann and A. Pizzuto and M. Plum and Y. Popovych and A. Porcelli and M. Prado Rodriguez and P.{\hspace{0.167em}}B. Price and B. Pries and G.{\hspace{0.167em}}T. Przybylski and C. Raab and A. Raissi and M. Rameez and K. Rawlins and I.{\hspace{0.167em}}C. Rea and A. Rehman and P. Reichherzer and R. Reimann and G. Renzi and E. Resconi and S. Reusch and W. Rhode and M. Richman and B. Riedel and E.{\hspace{0.167em}}J. Roberts and S. Robertson and G. Roellinghoff and M. Rongen and C. Rott and T. Ruhe and D. Ryckbosch and D. Rysewyk Cantu and I. Safa and J. Saffer and S.{\hspace{0.167em}}E. Sanchez Herrera and A. Sandrock and J. Sandroos and M. Santander and S. Sarkar and S. Sarkar and K. Satalecka and M. Schaufel and H. Schieler and S. Schindler and T. Schmidt and A. Schneider and J. Schneider and F.{\hspace{0.167em}}G. Schröder and L. Schumacher and G. Schwefer and S. Sclafani and D. Seckel and S. Seunarine and A. Sharma and S. Shefali and M. Silva and B. Skrzypek and B. Smithers and R. Snihur and J. Soedingrekso and D. Soldin and C. Spannfellner and G.{\hspace{0.167em}}M. Spiczak and C. Spiering and J. Stachurska and M. Stamatikos and T. Stanev and R. Stein and J. Stettner and A. Steuer and T. Stezelberger and T. Stürwald and T. Stuttard and G.{\hspace{0.167em}}W. Sullivan and I. Taboada and S. Ter-Antonyan and S. Tilav and F. Tischbein and K. Tollefson and C. Tönnis and S. Toscano and D. Tosi and A. Trettin and M. Tselengidou and C.{\hspace{0.167em}}F. Tung and A. Turcati and R. Turcotte and C.{\hspace{0.167em}}F. Turley and J.{\hspace{0.167em}}P. Twagirayezu and B. Ty and M.{\hspace{0.167em}}A. Unland Elorrieta and N. Valtonen-Mattila and J. Vandenbroucke and N. van Eijndhoven and D. Vannerom and J. van Santen and S. Verpoest and C. Walck and T.{\hspace{0.167em}}B. Watson and C. Weaver and P. Weigel and A. Weindl and M.{\hspace{0.167em}}J. Weiss and J. Weldert and C. Wendt and J. Werthebach and M. Weyrauch and N. Whitehorn and C.{\hspace{0.167em}}H. Wiebusch and D.{\hspace{0.167em}}R. Williams and M. Wolf and K. Woschnagg and G. Wrede and J. Wulff and X.{\hspace{0.167em}}W. Xu and J.{\hspace{0.167em}}P. Yanez and S. Yoshida and S. Yu and T. Yuan and Z. Zhang and P. Zhelnin and},
	title = {Search for {GeV}-scale dark matter annihilation in the Sun with {IceCube} {DeepCore}},
	journal = {Physical Review D}
}


@article{ABBASI2013188,
title = {IceTop: The surface component of IceCube},
journal = {Nuclear Instruments and Methods in Physics Research Section A: Accelerators, Spectrometers, Detectors and Associated Equipment},
volume = {700},
pages = {188-220},
year = {2013},
issn = {0168-9002},
doi = {https://doi.org/10.1016/j.nima.2012.10.067},
url = {https://www.sciencedirect.com/science/article/pii/S016890021201217X},
author = {R. Abbasi and Y. Abdou and M. Ackermann and J. Adams and J.A. Aguilar and M. Ahlers and D. Altmann and K. Andeen and J. Auffenberg and X. Bai and M. Baker and S.W. Barwick and V. Baum and R. Bay and K. Beattie and J.J. Beatty and S. Bechet and J. {Becker Tjus} and K.-H. Becker and M. Bell and M.L. Benabderrahmane and S. BenZvi and J. Berdermann and P. Berghaus and D. Berley and E. Bernardini and D. Bertrand and D.Z. Besson and D. Bindig and M. Bissok and E. Blaufuss and J. Blumenthal and D.J. Boersma and C. Bohm and D. Bose and S. Böser and O. Botner and L. Brayeur and A.M. Brown and R. Bruijn and J. Brunner and S. Buitink and K.S. Caballero-Mora and M. Carson and J. Casey and M. Casier and D. Chirkin and B. Christy and F. Clevermann and S. Cohen and D.F. Cowen and A.H. {Cruz Silva} and M. Danninger and J. Daughhetee and J.C. Davis and C. {De Clercq} and F. Descamps and P. Desiati and G. {de Vries-Uiterweerd} and T. DeYoung and J.C. Díaz-Vélez and J. Dreyer and J.P. Dumm and M. Dunkman and R. Eagan and J. Eisch and C. Elliott and R.W. Ellsworth and O. Engdegård and S. Euler and P.A. Evenson and O. Fadiran and A.R. Fazely and A. Fedynitch and J. Feintzeig and T. Feusels and K. Filimonov and C. Finley and T. Fischer-Wasels and S. Flis and A. Franckowiak and R. Franke and K. Frantzen and T. Fuchs and T.K. Gaisser and J. Gallagher and L. Gerhardt and L. Gladstone and T. Glüsenkamp and A. Goldschmidt and J.A. Goodman and D. Góra and D. Grant and A. Groß and S. Grullon and M. Gurtner and C. Ha and A. {Haj Ismail} and A. Hallgren and F. Halzen and K. Hanson and D. Heereman and P. Heimann and D. Heinen and K. Helbing and R. Hellauer and S. Hickford and G.C. Hill and K.D. Hoffman and R. Hoffmann and A. Homeier and K. Hoshina and W. Huelsnitz and P.O. Hulth and K. Hultqvist and S. Hussain and A. Ishihara and E. Jacobi and J. Jacobsen and G.S. Japaridze and O. Jlelati and H. Johansson and A. Kappes and T. Karg and A. Karle and J. Kiryluk and F. Kislat and J. Kläs and S.R. Klein and S. Klepser and J.-H. Köhne and G. Kohnen and H. Kolanoski and L. Köpke and C. Kopper and S. Kopper and D.J. Koskinen and M. Kowalski and M. Krasberg and G. Kroll and J. Kunnen and N. Kurahashi and T. Kuwabara and M. Labare and K. Laihem and H. Landsman and M.J. Larson and R. Lauer and M. Lesiak-Bzdak and J. Lünemann and J. Madsen and R. Maruyama and K. Mase and H.S. Matis and A. McDermott and F. McNally and K. Meagher and M. Merck and P. Mészáros and T. Meures and S. Miarecki and E. Middell and N. Milke and J. Miller and L. Mohrmann and T. Montaruli and R. Morse and S.M. Movit and R. Nahnhauer and U. Naumann and P. Nießen and S.C. Nowicki and D.R. Nygren and A. Obertacke and S. Odrowski and A. Olivas and M. Olivo and A. O'Murchadha and S. Panknin and L. Paul and J.A. Pepper and C. {Pérez de los Heros} and D. Pieloth and N. Pirk and J. Posselt and P.B. Price and G.T. Przybylski and L. Rädel and K. Rawlins and P. Redl and E. Resconi and W. Rhode and M. Ribordy and M. Richman and B. Riedel and J.P. Rodrigues and J. Roth and F. Rothmaier and C. Rott and C. Roucelle and T. Ruhe and D. Rutledge and B. Ruzybayev and D. Ryckbosch and S.M. Saba and T. Salameh and H.-G. Sander and M. Santander and S. Sarkar and K. Schatto and M. Scheel and F. Scheriau and T. Schmidt and M. Schmitz and S. Schoenen and S. Schöneberg and L. Schönherr and A. Schönwald and A. Schukraft and L. Schulte and O. Schulz and D. Seckel and S.H. Seo and Y. Sestayo and S. Seunarine and L. Shulman and M.W.E. Smith and M. Soiron and D. Soldin and G.M. Spiczak and C. Spiering and M. Stamatikos and T. Stanev and A. Stasik and T. Stezelberger and R.G. Stokstad and A. Stößl and S. Stoyanov and E.A. Strahler and R. Ström and K-H. Sulanke and G.W. Sullivan and H. Taavola and I. Taboada and A. Tamburro and S. Ter-Antonyan and S. Tilav and P.A. Toale and S. Toscano and M. Usner and D. {van der Drift} and N. {van Eijndhoven} and A. {Van Overloop} and J. {van Santen} and M. Vehring and M. Voge and C. Walck and T. Waldenmaier and M. Wallraff and M. Walter and R. Wasserman and Ch. Weaver and C. Wendt and S. Westerhoff and N. Whitehorn and K. Wiebe and C.H. Wiebusch and D.R. Williams and H. Wissing and M. Wolf and T.R. Wood and K. Woschnagg and C. Xu and D.L. Xu and X.W. Xu and J.P. Yanez and G. Yodh and S. Yoshida and P. Zarzhitsky and J. Ziemann and A. Zilles and M. Zoll},
keywords = {IceCube, IceTop, Cosmic rays, Air shower, Detector}
}


%Gen2 Paper/s
@article{whitepaper,
	doi = {10.1088/1361-6471/abbd48},
  
	url = {https://doi.org/10.1088%2F1361-6471%2Fabbd48},
  
	year = 2021,
	month = {apr},
  
	publisher = {{IOP} Publishing},
  
	volume = {48},
  
	number = {6},
  
	pages = {060501},
  
	author = {M. G. Aartsen and R. Abbasi and M Ackermann and J Adams and J A Aguilar and M Ahlers and M Ahrens and C Alispach and P Allison and N M Amin and K Andeen and T Anderson and I Ansseau and G Anton and C Argüelles and T C Arlen and J Auffenberg and S Axani and H Bagherpour and X Bai and A Balagopal V and A Barbano and I Bartos and B Bastian and V Basu and V Baum and S Baur and R Bay and J J Beatty and K-H Becker and J Becker Tjus and S BenZvi and D Berley and E Bernardini and D Z Besson and G Binder and D Bindig and E Blaufuss and S Blot and C Bohm and M Bohmer and S Böser and O Botner and J Böttcher and E Bourbeau and J Bourbeau and F Bradascio and J Braun and S Bron and J Brostean-Kaiser and A Burgman and R T Burley and J Buscher and R S Busse and M Bustamante and M A Campana and E G Carnie-Bronca and T Carver and C Chen and P Chen and E Cheung and D Chirkin and S Choi and B A Clark and K Clark and L Classen and A Coleman and G H Collin and A Connolly and J M Conrad and P Coppin and P Correa and D F Cowen and R Cross and P Dave and C Deaconu and C De Clercq and J J DeLaunay and S De Kockere and H Dembinski and K Deoskar and S De Ridder and A Desai and P Desiati and K D de Vries and G de Wasseige and M de With and T DeYoung and S Dharani and A Diaz and J C D{\'{\i}
}az-V{\'{e}}lez and H Dujmovic and M Dunkman and M A DuVernois and E Dvorak and T Ehrhardt and P Eller and R Engel and J J Evans and P A Evenson and S Fahey and K Farrag and A R Fazely and J Felde and A T Fienberg and K Filimonov and C Finley and L Fischer and D Fox and A Franckowiak and E Friedman and A Fritz and T K Gaisser and J Gallagher and E Ganster and D Garcia-Fernandez and S Garrappa and A Gartner and L Gerhard and R Gernhaeuser and A Ghadimi and C Glaser and T Glauch and T Glüsenkamp and A Goldschmidt and J G Gonzalez and S Goswami and D Grant and T Gr{\'{e}}goire and Z Griffith and S Griswold and M Gündüz and C Haack and A Hallgren and R Halliday and L Halve and F Halzen and J C Hanson and K Hanson and J Hardin and J Haugen and A Haungs and S Hauser and D Hebecker and D Heinen and P Heix and K Helbing and R Hellauer and F Henningsen and S Hickford and J Hignight and C Hill and G C Hill and K D Hoffman and B Hoffmann and R Hoffmann and T Hoinka and B Hokanson-Fasig and K Holzapfel and K Hoshina and F Huang and M Huber and T Huber and T Huege and K Hughes and K Hultqvist and M Hünnefeld and R Hussain and S In and N Iovine and A Ishihara and M Jansson and G S Japaridze and M Jeong and B J P Jones and F Jonske and R Joppe and O Kalekin and D Kang and W Kang and X Kang and A Kappes and D Kappesser and T Karg and M Karl and A Karle and T Katori and U Katz and M Kauer and A Keivani and M Kellermann and J L Kelley and A Kheirandish and J Kim and K Kin and T Kintscher and J Kiryluk and T Kittler and M Kleifges and S R Klein and R Koirala and H Kolanoski and L Köpke and C Kopper and S Kopper and D J Koskinen and P Koundal and M Kovacevich and M Kowalski and C B Krauss and K Krings and G Krückl and N Kulacz and N Kurahashi and C Lagunas Gualda and R Lahmann and J L Lanfranchi and M J Larson and U Latif and F Lauber and J P Lazar and K Leonard and A Leszczy{\'{n}}ska and Y Li and Q R Liu and E Lohfink and J LoSecco and C J Lozano Mariscal and L Lu and F Lucarelli and A Ludwig and J Lünemann and W Luszczak and Y Lyu and W Y Ma and J Madsen and G Maggi and K B M Mahn and Y Makino and P Mallik and S Mancina and S Mandalia and I C Mari{\c{s}} and S Marka and Z Marka and R Maruyama and K Mase and R Maunu and F McNally and K Meagher and A Medina and M Meier and S Meighen-Berger and J Merz and Z S Meyers and J Micallef and D Mockler and G Moment{\'{e}} and T Montaruli and R W Moore and R Morse and M Moulai and P Muth and R Naab and R Nagai and J Nam and U Nauman and J Necker and G Neer and A Nelles and L V Nguyễn and H Niederhausen and M U Nisa and S C Nowicki and D R Nygren and E Oberla and A Obertacke Pollmann and M Oehler and A Olivas and E O'Sullivan and Y Pan and H Pandya and D V Pankova and L Papp and N Park and G K Parker and E N Paudel and P Peiffer and C P{\'{e}}rez de los Heros and T C Petersen and S Philippen and D Pieloth and S Pieper and J L Pinfold and A Pizzuto and I Plaisier and M Plum and Y Popovych and A Porcelli and M Prado Rodriguez and P B Price and G T Przybylski and C Raab and A Raissi and M Rameez and L Rauch and K Rawlins and I C Rea and A Rehman and R Reimann and M Renschler and G Renzi and E Resconi and S Reusch and W Rhode and M Richman and B Riedel and M Riegel and E J Roberts and S Robertson and G Roellinghoff and M Rongen and C Rott and T Ruhe and D Ryckbosch and D Rysewyk Cantu and I Safa and S E Sanchez Herrera and A Sandrock and J Sandroos and P Sandstrom and M Santander and S Sarkar and S Sarkar and K Satalecka and M Scharf and M Schaufel and H Schieler and P Schlunder and T Schmidt and A Schneider and J Schneider and F G Schröder and L Schumacher and S Sclafani and D Seckel and S Seunarine and M H Shaevitz and A Sharma and S Shefali and M Silva and D Smith and B Smithers and R Snihur and J Soedingrekso and D Soldin and S Söldner-Rembold and M Song and D Southall and G M Spiczak and C Spiering and J Stachurska and M Stamatikos and T Stanev and R Stein and J Stettner and A Steuer and T Stezelberger and R G Stokstad and N L Strotjohann and T Stürwald and T Stuttard and G W Sullivan and I Taboada and A Taketa and H K M Tanaka and F Tenholt and S Ter-Antonyan and A Terliuk and S Tilav and K Tollefson and L Tomankova and C Tönnis and J Torres and S Toscano and D Tosi and A Trettin and M Tselengidou and C F Tung and A Turcati and R Turcotte and C F Turley and J P Twagirayezu and B Ty and E Unger and M A Unland Elorrieta and J Vandenbroucke and D van Eijk and N van Eijndhoven and D Vannerom and J van Santen and D Veberic and S Verpoest and A Vieregg and M Vraeghe and C Walck and T B Watson and C Weaver and A Weindl and L Weinstock and M J Weiss and J Weldert and C Welling and C Wendt and J Werthebach and N Whitehorn and K Wiebe and C H Wiebusch and D R Williams and S A Wissel and M Wolf and T R Wood and K Woschnagg and G Wrede and S Wren and J Wulff and X W Xu and Y Xu and J P Yanez and S Yoshida and T Yuan and Z Zhang and S Zierke and M Zöcklein},
  
	title = {{IceCube}-Gen2: the window to the extreme Universe},
  
	journal = {Journal of Physics G: Nuclear and Particle Physics}
}

@article{AYA,
    author = "Ishihara, Aya",
    collaboration = "IceCube",
    title = "{The IceCube Upgrade - Design and Science Goals}",
    eprint = "1908.09441",
    archivePrefix = "arXiv",
    primaryClass = "astro-ph.HE",
    reportNumber = "PoS-ICRC2019-1031",
    doi = "10.22323/1.358.1031",
    journal = "PoS",
    volume = "ICRC2019",
    pages = "1031",
    year = "2021"
}

@misc{IceCubeCollaborationSchroeder2024_1000168735,
    author       = {{IceCube Collaboration} and Schröder, Fank},
    year         = {2024},
    title        = {IceCube-Gen2 Surface Array: Science Case and Plans},
    howpublished = {Vortrag gehalten auf DPG Frühjahrstagung: Fachverband Teilchenphysik (2024), Karlsruhe, Deutschland, 4.--8. März 2024},
    note         = {51.13.04; LK 01},
    language     = {english}
}

@article{Askaryan,
    author = "Askar'yan, G. A.",
    title = "{Excess negative charge of an electron-photon shower and its coherent radio emission}",
    journal = "Zh. Eksp. Teor. Fiz.",
    volume = "41",
    pages = "616--618",
    year = "1961"
}

@BOOK{meyers_21,
	author       = {Meyers, Z. S. and Plaisier, I. and Pyras, L. and Welling, C.},
	title        = {{R}adio {D}etection of {E}e{V} {N}eutrinos in {D}ielectric
	{M}edia using the {A}skaryan {E}ffect* *for {B}abies},
	publisher    = {DESY},
	reportid     = {PUBDB-2021-03021},
	pages        = {1-14},
	year         = {2021},
	abstract     = {After being created, Nelly the Astrophysical Neutrino
	enjoys everything she sees in the Universe. However, space
	can be lonely. During her journey she meets some solar
	neutrinos. Will they become her new friends?},
	cin          = {Z-RAD},
	cid          = {I:(DE-H253)Z-RAD-20210408},
	pnm          = {613 - Matter and Radiation from the Universe (POF4-613)},
	pid          = {G:(DE-HGF)POF4-613},
	experiment   = {EXP:(DE-H253)IceCube-20150101},
	typ          = {PUB:(DE-HGF)3},
	url          = {https://bib-pubdb1.desy.de/record/461705},
	doi = {10.3204/PUBDB-2021-03021}
}

@article{Geometry_optimization,
  author = "Lünemann, Jan  and  Coppin, Paul  and  Toscano, Simona",
  title = "{In-ice self-veto techniques for IceCube-Gen2}",
  doi = "10.22323/1.301.0945",
  journal = "PoS",
  year = 2017,
  volume = "ICRC2017",
  pages = "945"
}

@article{Anastasiia,
  author = "Omeliukh, Anastasiia  and  Abbasi, Rasha  and  Ackermann, Markus  and  Adams, Jenni  and  Aguilar, Juanan  and  Ahlers, M.  and  Ahrens, Maryon  and  Alispach, Cyril Martin  and  Allison, Patrick  and  Alves Junior, Antonio Augusto  and  Amin, Najia Moureen Binte  and  An, Rui  and  Andeen, Karen  and  Anderson, Tyler  and  Anton, Gisela  and  Arguelles, Carlos  and  Arlen, Tim  and  Ashida, Yosuke  and  Axani, Spencer  and  Bai, Xinhua  and  Balagopal V., Aswathi  and  Barbano, Anastasia Maria  and  Bartos, I.  and  Barwick, S. W.  and  Bastian, Benjamin  and  Basu, Vedant  and  Baur, Sebastian  and  Bay, R. C.  and  Beatty, J. J.  and  Becker, K.-H.  and  Becker Tjus, Julia  and  Bellenghi, Chiara  and  BenZvi, Segev  and  Berley, D.  and  Bernardini, Elisa  and  Besson, D. Z.  and  Binder, Gary  and  Bindig, Daniel  and  Bishop, Abigail  and  Blaufuss, E.  and  Blot, Summer  and  Boddenberg, Matthias  and  Bohmer, Michael  and  Bontempo, Federico  and  Borowka, Jurgen  and  Boser, S.  and  Botner, Olga  and  Boettcher, Jakob  and  Bourbeau, Etienne  and  Bradascio, Federica  and  Braun, J.  and  Bron, Stephanie  and  Brostean-Kaiser, Jannes  and  Browne, Sally-Ann  and  Burgman, Alexander  and  Burley, Ryan T.  and  Busse, Raffaela  and  Campana, Michael  and  Carnie-Bronca, Erin  and  Cataldo, Maddalena  and  Chen, Chujie  and  Chirkin, Dmitry  and  Choi, Koun  and  Clark, Brian  and  Clark, Kenneth  and  Clark, Rogan  and  Classen, Lew  and  Coleman, Alan  and  Collin, Gabriel  and  Connolly, Amy  and  Conrad, J. M.  and  Coppin, Paul  and  Correa, Pablo  and  Cowen, D. F.  and  Cross, R.  and  Dappen, Christian  and  Dave, Pranav  and  Deaconu, Cosmin  and  DE CLERCQ, Catherine  and  De Kockere, Simon  and  DeLaunay, James  and  Dembinski, Hans  and  Deoskar, Kunal  and  De Ridder, Sam  and  Desai, Abhishek  and  Desiati, Paolo  and  de Vries, Krijn  and  de Wasseige, Gwenhaël  and  De With, Meike  and  DeYoung, Tyce  and  Dharani, Sukeerthi  and  Diaz, Alejandro  and  Diaz-Velez, Juan Carlos  and  Dittmer, Markus  and  Dujmovic, Hrvoje  and  Dunkman, Matt  and  DuVernois, Michael  and  Dvorak, Emily  and  Ehrhardt, Thomas  and  Eller, Philipp  and  Engel, Ralph  and  Erpenbeck, Hannah  and  Evans, John  and  Evenson, P. A.  and  Fan, Kwok Lung  and  Farrag, K  and  Fazely, A. R.  and  Fiedlschuster, Sebastian  and  Fienberg, Aaron  and  Filimonov, Kirill  and  Finley, Chad  and  Fischer, Leander  and  Fox, Derek B  and  Franckowiak, Anna  and  Friedman, Elizabeth  and  Fritz, Alexander  and  Furst, Philipp  and  Gaisser, T. K.  and  Gallagher, Jay  and  Ganster, Erik  and  Garcia, Alfonso  and  Garrappa, Simone  and  Gartner, Andreas  and  Gerhardt, L.  and  Gernhaeuser, Roman  and  Ghadimi, Ava  and  Giri, Pawan  and  Glaser, Christian  and  Glauch, Theo  and  Glusenkamp, Thorsten  and  Goldschmidt, A.  and  Gonzalez, Javier  and  Goswami, Sreetama  and  Grant, Darren  and  Grégoire, Timothée  and  Griswold, Spencer  and  Gunduz, Mehmet  and  Günther, Christoph  and  Haack, Christian  and  Hallgren, Allan  and  Halliday, R.  and  Hallmann, Steffen  and  Halve, L.  and  Halzen, F.  and  Ha Minh, Martin  and  Hanson, Kael  and  Hardin, John  and  Harnisch, Alexander A.  and  Haugen, Jim  and  Haungs, Andreas  and  Hauser, Simon  and  Hebecker, Dustin  and  Heinen, Dirk  and  Helbing, K.  and  Hendricks, Brian  and  Henningsen, Felix  and  Hettinger, Emma C.  and  Hickford, Stephanie  and  Hignight, Joshua  and  Hill, Colton  and  Hill, G. C.  and  Hoffman, Kara  and  Hoffmann, Benjamin  and  Hoffmann, Ruth  and  Hoinka, Tobias  and  Hokanson-Fasig, Benjamin  and  Holzapfel, Kilian  and  Hoshina, K.  and  Huang, Feifei  and  Huber, Matthias  and  Huber, Thomas  and  Huege, Tim  and  Hughes, Kaeli  and  Hultqvist, Klas  and  Hunnefeld, Mirco  and  Hussain, Raamis  and  In, Seongjin  and  Iovine, Nadège  and  Ishihara, Aya  and  Jansson, Matti  and  Japaridze, George  and  Jeong, Minjin  and  Jones, Ben  and  KALEKIN, Oleg  and  Kang, Donghwa  and  Kang, Woosik  and  Kang, Xinyue  and  Kappes, Alexander  and  Kappesser, David  and  Karg, Timo  and  Karl, Martina  and  Karle, A.  and  Katori, Teppei  and  Katz, U.  and  Kauer, M.  and  Keivani, A.  and  Kellermann, Moritz  and  Kelley, J. L.  and  Kheirandish, Ali  and  Kin, Ken'ichi  and  Kintscher, Thomas  and  Kiryluk, Joanna  and  Klein, Spencer  and  Koirala, Ramesh  and  Kolanoski, Hermann  and  Kontrimas, Tomas  and  Kopke, Lutz  and  Kopper, Claudio  and  Kopper, Sandro  and  Koskinen, D. J.  and  Koundal, Paras  and  Kovacevich, Michael  and  Kowalski, Marek  and  Kozynets, Tetiana  and  Krauss, Carsten  and  Kravchenko, Ilya  and  Krebs, Ryan  and  Kun, Emma  and  Neilson, Naoko Kurahashi  and  Lad, Neha Navnitkumar  and  Lagunas Gualda, Cristina  and  Lanfranchi, Justin  and  Larson, M. J.  and  Lauber, Frederik Hermann  and  Lazar, Jeffrey  and  Lee, Jiwoong  and  Leonard, Kayla  and  Leszczynska, Agnieszka  and  Li, Yijia  and  Lincetto, Massimiliano  and  Liu, Qinrui  and  Liubarska, Maria  and  Lohfink, Elisa  and  LoSecco, John  and  Lozano Mariscal, Cristian Jesus  and  Lu, Lu  and  Lucarelli, Francesco  and  Ludwig, Andrew  and  Luszczak, William  and  Lyu, Yang  and  Ma, Wing Yan  and  Madsen, James  and  Mahn, Kendall  and  Makino, Yuya  and  Mancina, Sarah  and  Mandalia, S  and  Maris, Ioana Codrina  and  Marka, Szabolcs  and  Marka, Zsuzsa  and  Maruyama, Reina H.  and  Mase, K.  and  McElroy, Thomas  and  McNally, Frank  and  Mead, James Vincent  and  Meagher, K.  and  Medina, Andres  and  Meier, Maximilian  and  Meighen-Berger, Stephan Andrew  and  Meyers, Zachary Samuel  and  Micallef, Jessie  and  Mockler, Daniela  and  Montaruli, Teresa  and  Moore, Roger  and  Morse, R.  and  Moulai, Marjon  and  Naab, Richard  and  Nagai, Ryo  and  Naumann, Uwe  and  Necker, Jannis  and  Nelles, Anna  and  Nguyen, Le Viet  and  Niederhausen, Hans  and  Nisa, Mehr  and  Nowicki, Sarah  and  Nygren, Dave  and  Oberla, Eric  and  Obertacke Pollmann, Anna  and  Oehler, Marie  and  Olivas, A.  and  O'Sullivan, Erin  and  Pandya, Hershal  and  Pankova, Daria  and  Papp, Laszlo  and  Park, Nahee  and  Parker, Grant  and  Paudel, Ek Narayan  and  Paul, Larissa  and  Perez de los Heros, Carlos  and  Peters, Lilly  and  Petersen, Troels  and  Peterson, Josh  and  Philippen, Saskia  and  Pieloth, Damian  and  Pieper, Sarah  and  Pinfold, James  and  Pittermann, Martin  and  Pizzuto, A.  and  Plaisier, Ilse  and  Plum, M.  and  Popovych, Yuiry  and  Porcelli, Alessio  and  Prado Rodriguez, Maria  and  Price, P. Buford  and  Pries, Brandom  and  Przybylski, Gerald  and  Pyras, Lilly  and  Raab, Christoph  and  Raissi, Amirreza  and  Rameez, Mohamed  and  Rawlins, K.  and  Rea, Immacolata Carmen  and  Rehman, Abdul  and  Reichherzer, Patrick  and  Reimann, René  and  Renzi, Giovanni  and  Resconi, Elisa  and  Reusch, Simeon  and  Rhode, Wolfgang  and  Richman, Mike  and  Riedel, Benedikt  and  Riegel, Michael  and  Roberts, Ella  and  Robertson, Sally  and  Roellinghoff, Gerrit  and  Rongen, Martin  and  Rott, Carsten  and  Ruhe, Tim  and  Ryckbosch, Dirk  and  Rysewyk Cantu, Devyn  and  Safa, Ibrahim  and  Saffer, Julian  and  Sanchez Herrera, Sebastian  and  Sandrock, Alexander  and  Sandroos, Joakim  and  Sandstrom, P.  and  Santander, Marcos  and  Sarkar, Subir  and  Sarkar, Sourav  and  Satalecka, Konstancja  and  Scharf, Maximilian Karl  and  Schaufel, Merlin  and  Schieler, Harald  and  Schindler, Sebastian  and  Schlunder, P.  and  Schmidt, Torsten  and  Schneider, Austin  and  Schneider, Judith  and  Schröder, Frank G.  and  Schumacher, Lisa Johanna  and  Schwefer, Georg  and  Sclafani, Steve  and  Seckel, D.  and  Seunarine, Surujhdeo  and  Shaevitz, M. H.  and  Sharma, Ankur  and  Shefali, S.  and  Silva, Manuel  and  Skrzypek, Barbara  and  Smith, Daniel  and  Smithers, Ben  and  Snihur, Robert  and  Soedingrekso, Jan  and  Soldin, Dennis  and  SOLDNER-REMBOLD, Stefan  and  Southall, Daniel  and  Spannfellner, Christian  and  Spiczak, Glenn  and  Spiering, Christian  and  Stachurska, Juliana  and  Stamatikos, Michael  and  Stanev, Todor  and  Stein, Robert  and  Stettner, Joeran  and  Steuer, A.  and  Stezelberger, T.  and  Sturwald, Timo  and  Stuttard, Thomas  and  Sullivan, G. W.  and  Taboada, I.  and  Taketa, Akimichi  and  Tanaka, Hiroyuki  and  Tenholt, Frederik  and  Ter-Antonyan, Samvel  and  Tilav, S.  and  Tischbein, Franziska  and  Tollefson, Kirsten  and  Tomankova, Lenka  and  Tönnis, Christoph  and  Torres, Jorge  and  Toscano, Simona  and  Tosi, Delia  and  Trettin, Alexander  and  Tselengidou, Maria  and  Tung, Chunfai  and  Turcati, Andrea  and  Turcotte, Roxanne  and  Turley, Colin  and  Twagirayezu, Jean Pierre  and  Ty, Bunheng  and  Unland Elorrieta, Martin  and  Valtonen-Mattila, Nora  and  Vandenbroucke, Justin  and  van Eijndhoven, Nick  and  Vannerom, David  and  van Santen, Jakob  and  Veberic, Darko  and  Verpoest, Stef  and  Vieregg, Abigail G.  and  Vraeghe, Matthias  and  Walck, C.  and  Watson, Timothyblake  and  Weaver, Chris  and  Weigel, Philip  and  Weindl, Andreas  and  Weinstock, Lars Steffen  and  Weiss, Matthew  and  Weldert, Jan  and  Welling, Christoph  and  Wendt, Chris  and  Werthebach, Johannes  and  Weyrauch, Mark  and  Whitehorn, Nathan  and  Wiebusch, C. H.  and  Williams, Dawn  and  Wissel, Stephanie  and  Wolf, Martin  and  Woschnagg, Kurt  and  Wrede, Gerrit  and  Wren, Steven  and  Wulff, Johan  and  Xu, Xianwu  and  Xu, Yiqian  and  Yanez, Juan Pablo  and  Yoshida, S.  and  Yu, Shiqi  and  Yuan, Tianlu  and  Zhang, Zelong  and  Zierke, Simon",
  title = "{Optimization of the optical array geometry for IceCube-Gen2}",
  doi = "10.22323/1.395.1184",
  journal = "PoS",
  year = 2021,
  volume = "ICRC2021",
  pages = "1184"
}

@misc{Gen2_TDR,
	author = {"Abbasi, R. and others"},
	title = {{T}he {I}ce{C}ube {G}en2 {T}echnical {D}esign {R}eport},
	howpublished = {\url{https://icecube-gen2.wisc.edu/wp-content/uploads/2023/07/IceCube_Gen2_TDR_0.05_July27.2023_Part_I_and_II.pdf}},
	year = {2023},
	note = {[Accessed 18-06-2024]},
}

@article{mDOM_2017,
  author = "Classen, Lew  and  Kossatz, M.  and  Kretzschmann, A.  and  Lindner, S.  and  Shuklin, D.",
  title = "{The mDOM - A multi-PMT digital optical module for the IceCube-Gen2 neutrino telescope}",
  doi = "10.22323/1.301.1047",
  journal = "PoS",
  year = 2017,
  volume = "ICRC2017",
  pages = "1047"
}

@article{mDOM_2019,
  author = "Classen, Lew  and  Dorn, Christian  and  Kappes, Alexander  and  Karg, Timo  and  Kossatz, Marko  and  Kretzschmann, Axel  and  Ortjohann, Hans-Werner  and  Reubelt, Jonas  and  Sulanke, Karl-Heinz  and  Weigel, Robert",
  title = "{A multi-PMT Optical Module for the IceCube Upgrade}",
  doi = "10.22323/1.358.0855",
  journal = "PoS",
  year = 2019,
  volume = "ICRC2019",
  pages = "855"
}

@article{mDOM_2023,
  author = "Mechbal, Sarah  and  Feigl, Nora",
  title = "{Characterization and testing of the IceCube Upgrade mDOM}",
  doi = "10.22323/1.444.1183",
  journal = "PoS",
  year = 2023,
  volume = "ICRC2023",
  pages = "1183"
}

@article{D-Egg_MainPaper,
    author = "Abbasi, R. and others",
    collaboration = "IceCube",
    title = "{D-Egg: a dual PMT optical module for IceCube}",
    eprint = "2212.14526",
    archivePrefix = "arXiv",
    primaryClass = "astro-ph.IM",
    doi = "10.1088/1748-0221/18/04/P04014",
    journal = "JINST",
    volume = "18",
    number = "04",
    pages = "P04014",
    year = "2023"
}

@article{PINGU,
author = {"Aartsen, M.G. and Abbasi, Rezvan and Ackermann, M. and Adams, J. and Aguilar Sánchez, Juan Antonio and Ahlers, M. and Altmann, David and Arguelles, C. and Arlen, Timothy and Auffenberg, J. and Axani, Spencer and X.Bainref, and Baker, Moatasem and Barwick, S.W. and Baum, V. and Bay, Ryan and Beatty, J. and Tjus, J.Becker and Becker, K.H. and Zoll, M."},
year = {2014},
month = {1},

title = "{Letter of Intent: The Precision IceCube Next Generation Upgrade (PINGU)}",
volume = "{1401.2046 [physics.ins-det]}",
journal = "{E-Print: arXiv}"
}

@article{toise,
	doi = {10.1088/1748-0221/17/08/t08009},
  
	url = {https://doi.org/10.1088%2F1748-0221%2F17%2F08%2Ft08009},
  
	year = 2022,
	month = {aug},
  
	publisher = {{IOP} Publishing},
  
	volume = {17},
  
	number = {08},
  
	pages = {T08009},
  
	author = {J. van Santen and B.A. Clark and R. Halliday and S. Hallmann and A. Nelles},
  
	title = {toise: a framework to describe the performance of high-energy neutrino detectors},
  
	journal = {Journal of Instrumentation}
}}



@article{HESE7_sample,
	doi = {10.1103/physrevd.104.022002},
  
	url = {https://doi.org/10.1103%2Fphysrevd.104.022002},
  
	year = 2021,
	month = {jul},
  
	publisher = {American Physical Society ({APS})},
  
	volume = {104},
  
	number = {2},
    collaboration  = "IceCube",
	author = {R. Abbasi and others},
  
	title = {{IceCube} high-energy starting event sample: Description and flux characterization with 7.5~years of data},
  
	journal = {Physical Review D}
}}

@article{Juliana_paper,
	doi = {10.1140/epjc/s10052-022-10795-y},
  
	url = {https://doi.org/10.1140%2Fepjc%2Fs10052-022-10795-y},
  
	year = 2022,
	month = {nov},
  
	publisher = {Springer Science and Business Media {LLC}
},
  
	volume = {82},
  
	number = {11},
    collaboration="IceCube",
	author = "Abbasi, R. and others",
  
	title = {Detection of astrophysical tau neutrino candidates in {IceCube}},
  
	journal = {The European Physical Journal C}
}
}

@article{Coleman,
    author = "Coleman, Alan and Ericsson, Oscar and Bustamante, Mauricio and Glaser, Christian",
    title = "{The flavor composition of ultra-high-energy cosmic neutrinos: measurement forecasts for in-ice radio-based EeV neutrino telescopes}",
    eprint = "2402.02432",
    archivePrefix = "arXiv",
    primaryClass = "astro-ph.HE",
    month = "2",
    year = "2024"
}

@article{muon_damp,
  title = {Theoretically Palatable Flavor Combinations of Astrophysical Neutrinos},
  author = {Bustamante, Mauricio and Beacom, John F. and Winter, Walter},
  journal = {Phys. Rev. Lett.},
  volume = {115},
  issue = {16},
  pages = {161302},
  numpages = {7},
  year = {2015},
  month = {Oct},
  publisher = {American Physical Society},
  doi = {10.1103/PhysRevLett.115.161302},
  url = {https://link.aps.org/doi/10.1103/PhysRevLett.115.161302}
}

@article{lars_globalfit,
 archiveprefix = {arXiv},
 author = {Aartsen, M. G. and others},
 collaboration = {IceCube},
 doi = {10.1088/0004-637X/809/1/98},
 eprint = {1507.03991},
 journal = {Astrophys. J.},
 notitle = {{A combined maximum-likelihood analysis of the high-energy astrophysical neutrino flux measured with IceCube}},
 number = {1},
 pages = {98},
 primaryclass = {astro-ph.HE},
 volume = {809},
 year = {2015}
}

@article{diffusenumu,
author = {Abbasi, R. and Ackermann, M. and Adams, J. and Aguilar Sánchez, Juan Antonio and Ahlers, M. and Ahrens, M. and Alameddine, J. and Alispach, Cyril and Jr, A. and Amin, N. and Andeen, Karen and Anderson, Travi and Anton, G. and Argüelles, C. and Ashida, Y. and Axani, S. and Bai, Xiaoqiong and Balagopal v, Aswathi and Barbano, A. and Zhelnin, P.},
doi = {10.3847/1538-4357/ac4d29},
url = {https://dx.doi.org/10.3847/1538-4357/ac4d29},
year = {2022},
month = {mar},
publisher = {The American Astronomical Society},
volume = {928},
number = {1},
pages = {50},
title = {Improved Characterization of the Astrophysical Muon–neutrino Flux with 9.5 Years of IceCube Data}
}

@article{Neha_ICRC_IC,
  author = "Lad, Neha and Abbasi, Rasha  and  Ackermann, Markus  and  Adams, Jenni  and  Agarwalla, Sanjib  and  Aguilar, Juanan  and  Ahlers, Markus  and  Alameddine, Jean-Marco  and  Amin, Najia Moureen Binte  and  Andeen, Karen  and  Anton, Gisela  and  Argüelles, Carlos  and  Ashida, Yosuke  and  Athanasiadou, Sofia  and  Axani, Spencer  and  Bai, Xinhua  and  Balagopal V, Aswathi  and  Baricevic, Moreno  and  Barwick, Steve  and  Basu, Vedant  and  Bay, Ryan  and  Beatty, James  and  Becker Tjus, Julia  and  Beise, Jakob  and  Bellenghi, Chiara  and  Benning, Charlotte  and  BenZvi, Segev  and  Berley, David  and  Bernardini, Elisa  and  Besson, Dave  and  Blaufuss, Erik  and  Blot, Summer  and  Bontempo, Federico  and  Book, Julia  and  Boscolo Meneguolo, Caterina  and  BOSER, Sebastian  and  Botner, Olga  and  Bottcher, Jakob  and  Bourbeau, Etienne  and  Braun, Jim  and  Brinson, Bennett  and  Brostean-Kaiser, Jannes  and  Burley, Ryan T.  and  Busse, Raffaela  and  Butterfield, Delaney  and  Campana, Michael  and  Carloni, Kiara  and  Carnie-Bronca, Erin  and  Chattopadhyay, Sharmistha  and  Chau, Thien Nhan  and  Chen, Chujie  and  Chen, Zheyang  and  Chirkin, Dmitry  and  Choi, Seowon  and  Clark, Brian  and  Classen, Lew  and  Coleman, Alan  and  Collin, Gabriel  and  Connolly, Amy  and  Conrad, Janet  and  Coppin, Paul  and  Correa, Pablo  and  Dave, Pranav  and  DE CLERCQ, Catherine  and  DeLaunay, James  and  Delgado Lopez, Diyaselis  and  Deng, Shuyang  and  Deoskar, Kunal  and  Desai, Abhishek  and  Desiati, Paolo  and  de Vries, Krijn  and  de Wasseige, Gwenhaël  and  DeYoung, Tyce  and  Diaz, Alejandro  and  Diaz-Velez, Juan Carlos  and  Dittmer, Markus  and  Domi, Alba  and  Dujmovic, Hrvoje  and  DuVernois, Michael  and  Ehrhardt, Thomas  and  Eller, Philipp  and  Ellinger, Enrico  and  El Mentawi, Sharif  and  Elsässer, Dominik  and  Engel, Ralph  and  Erpenbeck, Hannah  and  Evans, John  and  Evenson, Paul  and  Fan, Kwok Lung  and  Fang, Ke  and  Farrag, Kareem Ramadan  and  Fazely, Ali  and  Fedynitch, Anatoli  and  Feigl, Nora  and  Fiedlschuster, Sebastian  and  Finley, Chad  and  Fischer, Leander  and  Fox, Derek B  and  Franckowiak, Anna  and  Fritz, Alexander  and  Furst, Philipp  and  Gallagher, Jay  and  Ganster, Erik  and  Garcia, Alfonso  and  Gerhardt, Lisa  and  Ghadimi, Ava  and  Glaser, Christian  and  Glauch, Theo  and  Glusenkamp, Thorsten  and  Goehlke, Noah  and  Gonzalez, Javier  and  Goswami, Sreetama  and  Grant, Darren  and  Gray, Shannon  and  Gries, Oliver  and  Griffin, Sean  and  Griswold, Spencer  and  Groth, Kathrine Morch  and  Günther, Christoph  and  Gutjahr, Pascal  and  Haack, Christian  and  Hallgren, Allan  and  Halliday, Robert  and  Halve, Lasse  and  Halzen, Francis  and  Hamdaoui, Hassane  and  Ha Minh, Martin  and  Hanson, Kael  and  Hardin, John  and  Harnisch, Alexander  and  Hatch, Patrick  and  Haungs, Andreas  and  Helbing, Klaus  and  Hellrung, Jonas  and  Henningsen, Felix  and  Heuermann, Lars Philipp  and  Heyer, Nils  and  Hickford, Stephanie  and  Hidvegi, Attila  and  Hill, Colton  and  Hill, Gary  and  Hoffman, Kara  and  Hori, Sam  and  Hoshina, Kotoyo  and  Hou, Wenjie  and  Huber, Thomas  and  Hultqvist, Klas  and  Hunnefeld, Mirco  and  Hussain, Raamis  and  Hymon, Karolin  and  In, Seongjin  and  Ishihara, Aya  and  Jacquart, Marc  and  Janik, Oliver  and  Jansson, Matti  and  Japaridze, George  and  Jeong, Minjin  and  Jin, Miaochen  and  Jones, Ben  and  Kang, Donghwa  and  Kang, Woosik  and  Kang, Xinyue  and  Kappes, Alexander  and  Kappesser, David  and  Kardum, Leonora  and  Karg, Timo  and  Karl, Martina  and  Karle, Albrecht  and  Katz, Ulì  and  Kauer, Matt  and  Kelley, John  and  Khatee Zathul, Arifa  and  Kheirandish, Ali  and  Kiryluk, Joanna  and  Klein, Spencer  and  Kochocki, Alina  and  Koirala, Ramesh  and  Kolanoski, Hermann  and  Kontrimas, Tomas  and  Kopke, Lutz  and  Kopper, Claudio  and  Koskinen, Jason  and  Koundal, Paras  and  Kovacevich, Michael  and  Kowalski, Marek  and  Kozynets, Tetiana  and  Jayakumar, Krishnamoorthi  and  Kruiswijk, Karlijn  and  Krupczak, Emmett  and  Kumar, Anil  and  Kun, Emma  and  Neilson, Naoko Kurahashi  and  Lagunas Gualda, Cristina  and  Lamoureux, Mathieu  and  Larson, Michael J  and  Latseva, Silvia  and  Lauber, Frederik Hermann  and  Lazar, Jeffrey  and  Lee, Jiwoong  and  Leonard DeHolton, Kayla  and  Leszczynska, Agnieszka  and  Lincetto, Massimiliano  and  Liu, Qinrui  and  Liubarska, Maria  and  Lohfink, Elisa  and  Love, Christina  and  Lozano Mariscal, Cristian Jesus  and  Lu, Lu  and  Lucarelli, Francesco  and  Luszczak, William  and  Lyu, Yang  and  Madsen, Jim  and  Mahn, Kendall  and  Makino, Yuya  and  Manao, Elena  and  Mancina, Sarah  and  Marie Sainte, Wenceslas  and  Maris, Ioana Codrina  and  Marka, Szabolcs  and  Marka, Zsuzsa  and  Marsee, Matthew  and  Martinez-Soler, Ivan  and  Maruyama, Reina H.  and  Mayhew, Finn  and  McElroy, Thomas  and  McNally, Frank  and  Mead, James Vincent  and  Meagher, Kevin  and  Mechbal, Sarah  and  Medina, Andres  and  Meier, Maximilian  and  Merckx, Yarno  and  Merten, Lukas  and  Micallef, Jessie  and  Mitchell, Justin  and  Montaruli, Teresa  and  Moore, Roger  and  Morii, Yasutsugu  and  Morse, Bob  and  Moulai, Marjon  and  Mukherjee, Tista  and  Naab, Richard  and  Nagai, Ryo  and  Nakos, Maxwell  and  Naumann, Uwe  and  Necker, Jannis  and  Negi, Akshima  and  Neumann, Miriam  and  Niederhausen, Hans  and  Nisa, Mehr  and  Noell, Andreas  and  Novikov, Alexander  and  Nowicki, Sarah  and  Pollmann, Anna  and  O'Dell, Vivian  and  Oehler, Marie  and  Oeyen, Bob  and  Olivas, Alex  and  Orsoe, Rasmus  and  Osborn, Jesse  and  O'Sullivan, Erin  and  Pandya, Hershal  and  Park, Nahee  and  Parker, Grant  and  Paudel, Ek Narayan  and  Paul, Larissa  and  Pérez de los Heros, Carlos  and  Peterson, Josh  and  Philippen, Saskia  and  Pizzuto, Alex  and  Plum, Matthias  and  Ponten, Axel  and  Popovych, Yuriy  and  Prado Rodriguez, Maria  and  Pries, Brandon  and  Procter-Murphy, Rachel  and  Przybylski, Gerald  and  Raab, Christoph  and  Rack-Helleis, John  and  Rawlins, Katherine  and  Rechav, Zoe  and  Rehman, Abdul  and  Reichherzer, Patrick  and  Renzi, Giovanni  and  Resconi, Elisa  and  Reusch, Simeon  and  Rhode, Wolfgang  and  Riedel, Benedikt  and  Rifaie, Adam  and  Roberts, Ella  and  Robertson, Sally  and  Rodan, Steven T.  and  Roellinghoff, Gerrit  and  Rongen, Martin  and  Rott, Carsten  and  Ruhe, Tim  and  Ruohan, Li  and  Ryckbosch, Dirk  and  Safa, Ibrahim  and  Saffer, Julian  and  Salazar-Gallegos, Daniel  and  Sampathkumar, Pranav  and  Sanchez Herrera, Sebastian  and  Sandrock, Alexander  and  Santander, Marcos  and  Sarkar, Sourav  and  Sarkar, Subir  and  Savelberg, Joelle  and  Savina, Pierpaolo  and  Schaufel, Merlin  and  Schieler, Harald  and  Schindler, Sebastian  and  Schlickmann, Lea  and  Schlüter, Berit  and  Schlüter, Felix  and  Schmeisser, Nick  and  Schmidt, Torsten  and  Schneider, Judith  and  Schröder, Frank G.  and  Schumacher, Lisa Johanna  and  Schwefer, Georg  and  Sclafani, Steve  and  Seckel, David  and  Seikh, Mohammad Ful Hossain  and  Seunarine, Suruj  and  Shah, Riya  and  Sharma, Ankur  and  Shefali, Shefali  and  Shimizu, Nobuhiro  and  Silva, Manuel  and  Skrzypek, Barbara  and  Smithers, Ben  and  Snihur, Robert  and  Soedingrekso, Jan  and  Sogaard, Andreas  and  Soldin, Dennis  and  Soldin, Philipp  and  Sommani, Giacomo  and  Spannfellner, Christian  and  Spiczak, Glenn  and  Spiering, Christian  and  Stamatikos, Michael  and  Stanev, Todor  and  Stezelberger, Thorsten  and  Sturwald, Timo  and  Stuttard, Thomas  and  Sullivan, Greg  and  Taboada, Ignacio  and  Ter-Antonyan, Samvel  and  Thiesmeyer, Matthias  and  Thompson, Will  and  Thwaites, Jessie  and  Tilav, Serap  and  Tollefson, Kirsten  and  Tönnis, Christoph  and  Toscano, Simona  and  Tosi, Delia  and  Trettin, Alexander  and  Tung, Chun Fai  and  Turcotte, Roxanne  and  Twagirayezu, Jean Pierre  and  Ty, Bunheng  and  Unland Elorrieta, Martin  and  Upadhyay, Anuj Kumar  and  Upshaw, Karriem  and  Valtonen-Mattila, Nora  and  Vandenbroucke, Justin  and  van Eijndhoven, Nick  and  Vannerom, David  and  van Santen, Jakob  and  Vara, Javi  and  Veitch-Michaelis, Joshua  and  Venugopal, Megha  and  Vereecken, Matthias  and  Verpoest, Stef  and  Veske, Doğa  and  Vijai, Aishwarya  and  Walck, Christian  and  Weaver, Chris  and  Weigel, Philip  and  Weindl, Andreas  and  Weldert, Jan  and  Wendt, Chris  and  Werthebach, Johannes  and  Weyrauch, Mark  and  Whitehorn, Nathan  and  Wiebusch, Christopher  and  Willey, Nathan  and  Williams, Dawn  and  Witthaus, Lucas  and  Wolf, Annika  and  Wolf, Martin  and  Wrede, Gerrit  and  Xu, Xianwu  and  Yanez, Juan Pablo  and  Yildizci, Emre Burak  and  Yoshida, Shigeru  and  Young, Robert  and  Yu, Felix J.  and  Yu, Shiqi  and  Yuan, Tianlu  and  Zhang, Zelong  and  Zhelnin, Pavel  and  Zimmerman, Melany",
  title = "{Summary of IceCube tau neutrino searches and flavor composition measurements of the diffuse astrophysical neutrino flux}",
  doi = "10.22323/1.444.1122",
  journal = "PoS",
  year = 2023,
  volume = "ICRC2023",
  pages = "1122"
}

@article{Neha_ICRC_Gen2,
  author = "Lad, Neha and Abbasi, Rasha  and  Ackermann, Markus  and  Adams, Jenni  and  Agarwalla, Sanjib Kumar  and  Aguilar, Juanan  and  Ahlers, Markus  and  Alameddine, Jean-Marco  and  Amin, Najia Moureen Binte  and  Andeen, Karen  and  Anton, Gisela  and  Argüelles, Carlos  and  Ashida, Yosuke  and  Athanasiadou, Sofia  and  Audehm, Jan  and  Axani, Spencer  and  Bai, Xinhua  and  Balagopal V, Aswathi  and  Baricevic, Moreno  and  Barwick, Steve  and  Basu, Vedant  and  Bay, Ryan  and  Becker Tjus, Julia  and  Beise, Jakob  and  Bellenghi, Chiara  and  Benning, Charlotte  and  BenZvi, Segev  and  Berley, David  and  Bernardini, Elisa  and  Besson, Dave  and  Bishop, Abigail  and  Blaufuss, Erik  and  Blot, Summer  and  Bohmer, Michael  and  Bontempo, Federico  and  Book, Julia  and  Borowka, Jurgen  and  Boscolo Meneguolo, Caterina  and  BOSER, Sebastian  and  Botner, Olga  and  Bottcher, Jakob  and  Bouma, Sjoerd  and  Bourbeau, Etienne  and  Braun, Jim  and  Brinson, Bennett  and  Brostean-Kaiser, Jannes  and  Burley, Ryan T.  and  Busse, Raffaela  and  Butterfield, Delaney  and  Campana, Michael  and  Carloni, Kiara  and  Carnie-Bronca, Erin  and  Cataldo, Maddalena  and  Chattopadhyay, Sharmistha  and  Chau, Thien Nhan  and  Chen, Chujie  and  Chen, Zheyang  and  Chirkin, Dmitry  and  Choi, Seowon  and  Clark, Brian  and  Clark, Rogan  and  Classen, Lew  and  Coleman, Alan  and  Collin, Gabriel  and  Conrad, Janet  and  Cowen, Doug  and  Dasgupta, Basudeb  and  Dave, Pranav  and  Deaconu, Cosmin  and  DE CLERCQ, Catherine  and  De Kockere, Simon  and  DeLaunay, James  and  Delgado Lopez, Diyaselis  and  Deng, Shuyang  and  Deoskar, Kunal  and  Desai, Abhishek  and  Desiati, Paolo  and  de Vries, Krijn  and  de Wasseige, Gwenhaël  and  DeYoung, Tyce  and  Diaz, Alejandro  and  Diaz-Velez, Juan Carlos  and  Dittmer, Markus  and  Domi, Alba  and  Dujmovic, Hrvoje  and  DuVernois, Michael  and  Ehrhardt, Thomas  and  Eller, Philipp  and  Ellinger, Enrico  and  El Mentawi, Sharif  and  Elsässer, Dominik  and  Engel, Ralph  and  Erpenbeck, Hannah  and  Evans, John  and  Evans, Justin  and  Evenson, Paul  and  Fan, Kwok Lung  and  Fang, Ke  and  Farrag, Kareem Ramadan  and  Fazely, Ali  and  Fedynitch, Anatoli  and  Feigl, Nora  and  Fiedlschuster, Sebastian  and  Finley, Chad  and  Fischer, Leander  and  Flaggs, Benjamin  and  Fox, Derek B  and  Franckowiak, Anna  and  Fritz, Alexander  and  Fujii, Toshihiro  and  Furst, Philipp  and  Gallagher, Jay  and  Ganster, Erik  and  Garcia, Alfonso  and  Gerhardt, Lisa  and  Gernhaeuser, Roman  and  Ghadimi, Ava  and  Giri, Pawan  and  Glaser, Christian  and  Glauch, Theo  and  Glusenkamp, Thorsten  and  Goehlke, Noah  and  Goswami, Sreetama  and  Grant, Darren  and  Gray, Shannon  and  Gries, Oliver  and  Griffin, Sean  and  Griswold, Spencer  and  Guevel, David Joseph  and  Günther, Christoph  and  Gutjahr, Pascal  and  Haack, Christian  and  Haji Azim, Tara  and  Hallgren, Allan  and  Halliday, Robert  and  Hallmann, Steffen  and  Halve, Lasse  and  Halzen, Francis  and  Hamdaoui, Hassane  and  Ha Minh, Martin  and  Hanson, Kael  and  Hardin, John  and  Harnisch, Alexander  and  Hatch, Patrick  and  Haugen, Jim  and  Haungs, Andreas  and  Heinen, Dirk  and  Helbing, Klaus  and  Hellrung, Jonas  and  Hendricks, Brian  and  Henningsen, Felix  and  Henrichs, Jakob  and  Heuermann, Lars Philipp  and  Heyer, Nils  and  Hickford, Stephanie  and  Hidvegi, Attila  and  Hignight, Joshua  and  Hill, Colton  and  Hill, Gary  and  Hoffman, Kara  and  Hoffmann, Benjamin  and  Holzapfel, Killian  and  Hori, Sam  and  Hoshina, Kotoyo  and  Hou, Wenjie  and  Huber, Thomas  and  Huege, Tim  and  Hughes, Kaeli  and  Hultqvist, Klas  and  Hunnefeld, Mirco  and  Hussain, Raamis  and  Hymon, Karolin  and  In, Seongjin  and  Ishihara, Aya  and  Jacquart, Marc  and  Janik, Oliver  and  Jansson, Matti  and  Japaridze, George  and  Jeong, Minjin  and  Jin, Miaochen  and  Jones, Ben  and  KALEKIN, Oleg  and  Kang, Donghwa  and  Kang, Woosik  and  Kang, Xinyue  and  Kappes, Alexander  and  Kappesser, David  and  Kardum, Leonora  and  Karg, Timo  and  Karl, Martina  and  Karle, Albrecht  and  Katori, Teppei  and  Katz, Ulì  and  Kauer, Matt  and  Kelley, John  and  Khatee Zathul, Arifa  and  Kheirandish, Ali  and  Kiryluk, Joanna  and  Klein, Spencer  and  Kobayashi, Takuro  and  Kochocki, Alina  and  Kolanoski, Hermann  and  Kontrimas, Tomas  and  Kopke, Lutz  and  Kopper, Claudio  and  Koskinen, Jason  and  Koundal, Paras  and  Kovacevich, Michael  and  Kowalski, Marek  and  Kozynets, Tetiana  and  Krauss, Carsten  and  Kravchenko, Ilya  and  Jayakumar, Krishnamoorthi  and  Krupczak, Emmett  and  Kumar, Anil  and  Kun, Emma  and  Neilson, Naoko Kurahashi and  Lagunas Gualda, Cristina  and  Larson, Michael J  and  Latseva, Silvia  and  Lauber, Frederik Hermann  and  Lazar, Jeffrey  and  Lee, Jiwoong  and  Leonard DeHolton, Kayla  and  Leszczynska, Agnieszka  and  Lincetto, Massimiliano  and  Liu, Qinrui  and  Liubarska, Maria  and  Lohan, Manisha  and  Lohfink, Elisa  and  LoSecco, John  and  Love, Christina  and  Lozano Mariscal, Cristian Jesus  and  Lu, Lu  and  Lucarelli, Francesco  and  Lyu, Yang  and  Madsen, Jim  and  Mahn, Kendall  and  Makino, Yuya  and  Mancina, Sarah  and  Mandalia, Shivesh  and  Marie Sainte, Wenceslas  and  Maris, Ioana Codrina  and  Marka, Szabolcs  and  Marka, Zsuzsa  and  Marsee, Matthew  and  Martinez-Soler, Ivan  and  Maruyama, Reina H.  and  Mayhew, Finn  and  McElroy, Thomas  and  McNally, Frank  and  Mead, James Vincent  and  Meagher, Kevin  and  Mechbal, Sarah  and  Medina, Andres  and  Meier, Maximilian  and  Merckx, Yarno  and  Merten, Lukas  and  Meyers, Zackary  and  Micallef, Jessie  and  Mikhailova, Masha  and  Mitchell, Justin  and  Montaruli, Teresa  and  Moore, Roger  and  Morii, Yasutsugu  and  Morse, Bob  and  Moulai, Marjon  and  Mukherjee, Tista  and  Naab, Richard  and  Nagai, Ryo  and  Nakos, Maxwell  and  Narayan, Ashish  and  Naumann, Uwe  and  Necker, Jannis  and  Negi, Akshima  and  Nelles, Anna  and  Neumann, Miriam  and  Niederhausen, Hans  and  Nisa, Mehr  and  Noell, Andreas  and  Novikov, Alexander  and  Nowicki, Sarah  and  Nozdrina, Alisa  and  Oberla, Eric  and  Pollmann, Anna  and  O'Dell, Vivian  and  Oehler, Marie  and  Oeyen, Bob  and  Olivas, Alex  and  Orsoe, Rasmus  and  Osborn, Jesse  and  O'Sullivan, Erin  and  Papp, Laszlo  and  Park, Nahee  and  Parker, Grant  and  Paudel, Ek Narayan  and  Paul, Larissa  and  Pérez de los Heros, Carlos  and  Petersen, Troels  and  Peterson, Josh  and  Philippen, Saskia  and  Pieper, Sarah  and  Pinfold, James  and  Pizzuto, Alex  and  Plaisier, Ilse  and  Plum, Matthias  and  Ponten, Axel  and  Popovych, Yuriy  and  Prado Rodriguez, Maria  and  Pries, Brandon  and  Procter-Murphy, Rachel  and  Przybylski, Gerald  and  Pyras, Lilly  and  Rack-Helleis, John  and  Rameez, Mohamed  and  Rawlins, Katherine  and  Rechav, Zoe  and  Rehman, Abdul  and  Reichherzer, Patrick  and  Renzi, Giovanni  and  Resconi, Elisa  and  Reusch, Simeon  and  Rhode, Wolfgang  and  Riedel, Benedikt  and  Riegel, Michael  and  Rifaie, Adam  and  Roberts, Ella  and  Robertson, Sally  and  Rodan, Steven T.  and  Roellinghoff, Gerrit  and  Rongen, Martin  and  Rott, Carsten  and  Ruhe, Tim  and  Ryckbosch, Dirk  and  Safa, Ibrahim  and  Saffer, Julian  and  Salazar-Gallegos, Daniel  and  Sampathkumar, Pranav  and  Sanchez Herrera, Sebastian  and  Sandrock, Alexander  and  Sandstrom, Perry  and  Santander, Marcos  and  Sarkar, Sourav  and  Sarkar, Subir  and  Savelberg, Joelle  and  Savina, Pierpaolo  and  Schaufel, Merlin  and  Schieler, Harald  and  Schindler, Sebastian  and  Schlickmann, Lea  and  Schlüter, Berit  and  Schlüter, Felix  and  Schmeisser, Nick  and  Schmidt, Torsten  and  Schneider, Judith  and  Schröder, Frank G.  and  Schumacher, Lisa Johanna  and  Schwefer, Georg  and  Sclafani, Steve  and  Seckel, David  and  Seikh, Mohammad Ful Hossain  and  Seunarine, Suruj  and  Shaevitz, Mike  and  Shah, Riya  and  Sharma, Ankur  and  Shefali, S.  and  Shimizu, Nobuhiro  and  Silva, Manuel  and  Skrzypek, Barbara  and  Smith, Daniel  and  Smithers, Ben  and  Snihur, Robert  and  Soedingrekso, Jan  and  Sogaard, Andreas  and  Soldin, Dennis  and  Soldin, Philipp  and  Sommani, Giacomo  and  Southall, Daniel  and  Spannfellner, Christian  and  Spiczak, Glenn  and  Spiering, Christian  and  Stamatikos, Michael  and  Stanev, Todor  and  Stezelberger, Thorsten  and  Stoffels, Jethro  and  Sturwald, Timo  and  Stuttard, Thomas  and  Sullivan, Greg  and  Taboada, Ignacio  and  Taketa, Akimichi  and  Tanaka, Hiroyuki  and  Ter-Antonyan, Samvel  and  Thiesmeyer, Matthias  and  Thompson, Will  and  Thwaites, Jessie  and  Tilav, Serap  and  Tollefson, Kirsten  and  Tönnis, Christoph  and  Torres, Jorge  and  Toscano, Simona  and  Tosi, Delia  and  Trettin, Alexander  and  Tsunesada, Yoshiki  and  Tung, Chun Fai  and  Turcotte, Roxanne  and  Twagirayezu, Jean Pierre  and  Ty, Bunheng  and  Unland Elorrieta, Martin  and  Upadhyay, Anuj Kumar  and  Upshaw, Karriem  and  Valtonen-Mattila, Nora  and  Vandenbroucke, Justin  and  van Eijndhoven, Nick  and  Vannerom, David  and  van Santen, Jakob  and  Vara, Javi  and  Veberic, Darko  and  Veitch-Michaelis, Joshua  and  Venugopal, Megha  and  Verpoest, Stef  and  Vieregg, Abigail G.  and  Vijai, Aishwarya  and  Walck, Christian  and  Weaver, Chris  and  Weigel, Philip  and  Weindl, Andreas  and  Weldert, Jan  and  Welling, Christoph  and  Wendt, Chris  and  Werthebach, Johannes  and  Weyrauch, Mark  and  Whitehorn, Nathan  and  Wiebusch, Christopher  and  Willey, Nathan  and  Williams, Dawn  and  Wissel, Stephanie  and  Witthaus, Lucas  and  Wolf, Annika  and  Wolf, Martin  and  Worner, Gunter  and  Wrede, Gerrit  and  Wren, Steven  and  Xu, Xianwu  and  Yanez, Juan Pablo  and  Yildizci, Emre Burak  and  Yoshida, Shigeru  and  Young, Robert  and  Yu, Felix J.  and  Yu, Shiqi  and  Yuan, Tianlu  and  Zhang, Zelong  and  Zhelnin, Pavel  and  Zierke, Simon  and  Zimmerman, Melany",
  title = "{Sensitivity of IceCube-Gen2 to measure flavor composition of Astrophysical neutrinos}",
  doi = "10.22323/1.444.1123",
  journal = "PoS",
  year = 2023,
  volume = "ICRC2023",
  pages = "1123"
}

%ice_papers

% ice core report
@article{icecore,
author = {Bay, Ryan and Rohde, Robert and Bramall, Nathan},
year = {2010},
month = {07},
pages = {},
title = {South Pole paleowind from automated synthesis of ice core records},
volume = {115},
journal = {J. Geophys. Res},
doi = {10.1029/2009JD013741}
}

@article{optical_properties_amanda,
    author = "Ackermann, M. and others",
    title = "{Optical properties of deep glacial ice at the South Pole}",
    doi = "10.1029/2005JD006687",
    journal = "J. Geophys. Res.",
    volume = "111",
    number = "D13",
    pages = "D13203",
    year = "2006"
}

% p ellers hole ice model_DIMA
@article{holeice_dima_icrc21,
  author = "Abbasi, R.  and  Ackermann, Markus  and  Adams, Jenni  and  Aguilar, Juanan  and  Ahlers, M.  and  Ahrens, Maryon  and  Alispach, Cyril Martin  and  Alves Junior, Antonio Augusto  and  Amin, Najia Moureen Binte  and  An, Rui  and  Andeen, Karen  and  Anderson, Tyler  and  Anton, Gisela  and  Arguelles, Carlos  and  Ashida, Yosuke  and  Axani, Spencer  and  Bai, Xinhua  and  Balagopal V., Aswathi  and  Barbano, Anastasia Maria  and  Barwick, S. W.  and  Bastian, Benjamin  and  Basu, Vedant  and  Baur, Sebastian  and  Bay, R. C.  and  Beatty, J. J.  and  Becker, K.-H.  and  Becker Tjus, Julia  and  Bellenghi, Chiara  and  BenZvi, Segev  and  Berley, D.  and  Bernardini, Elisa  and  Besson, D. Z.  and  Binder, Gary  and  Bindig, Daniel  and  Blaufuss, E.  and  Blot, Summer  and  Boddenberg, Matthias  and  Bontempo, Federico  and  Borowka, Jurgen  and  Boser, S.  and  Botner, Olga  and  Boettcher, Jakob  and  Bourbeau, Etienne  and  Bradascio, Federica  and  Braun, J.  and  Bron, Stephanie  and  Brostean-Kaiser, Jannes  and  Browne, Sally-Ann  and  Burgman, Alexander  and  Burley, Ryan T.  and  Busse, Raffaela  and  Campana, Michael  and  Carnie-Bronca, Erin  and  Chen, Chujie  and  Chirkin, Dmitry  and  Choi, Koun  and  Clark, Brian  and  Clark, Kenneth  and  Classen, Lew  and  Coleman, Alan  and  Collin, Gabriel  and  Conrad, J. M.  and  Coppin, Paul  and  Correa, Pablo  and  Cowen, D. F.  and  Cross, R.  and  Dappen, Christian  and  Dave, Pranav  and  DE CLERCQ, Catherine  and  DeLaunay, James  and  Dembinski, Hans  and  Deoskar, Kunal  and  De Ridder, Sam  and  Desai, Abhishek  and  Desiati, Paolo  and  de Vries, Krijn  and  de Wasseige, Gwenhaël  and  De With, Meike  and  DeYoung, Tyce  and  Dharani, Sukeerthi  and  Diaz, Alejandro  and  Diaz-Velez, Juan Carlos  and  Dittmer, Markus  and  Dujmovic, Hrvoje  and  Dunkman, Matt  and  DuVernois, Michael  and  Dvorak, Emily  and  Ehrhardt, Thomas  and  Eller, Philipp  and  Engel, Ralph  and  Erpenbeck, Hannah  and  Evans, John  and  Evenson, P. A.  and  Fan, Kwok Lung  and  Fazely, A. R.  and  Fiedlschuster, Sebastian  and  Fienberg, Aaron  and  Filimonov, Kirill  and  Finley, Chad  and  Fischer, Leander  and  Fox, Derek B  and  Franckowiak, Anna  and  Friedman, Elizabeth  and  Fritz, Alexander  and  Furst, Philipp  and  Gaisser, T. K.  and  Gallagher, Jay  and  Ganster, Erik  and  Garcia, Alfonso  and  Garrappa, Simone  and  Gerhardt, L.  and  Ghadimi, Ava  and  Glaser, Christian  and  Glauch, Theo  and  Glusenkamp, Thorsten  and  Goldschmidt, A.  and  Gonzalez, Javier  and  Goswami, Sreetama  and  Grant, Darren  and  Grégoire, Timothée  and  Griswold, Spencer  and  Gunduz, Mehmet  and  Günther, Christoph  and  Haack, Christian  and  Hallgren, Allan  and  Halliday, R.  and  Halve, L.  and  Halzen, F.  and  Ha Minh, Martin  and  Hanson, Kael  and  Hardin, John  and  Harnisch, Alexander A.  and  Haungs, Andreas  and  Hauser, Simon  and  Hebecker, Dustin  and  Helbing, K.  and  Henningsen, Felix  and  Hettinger, Emma C.  and  Hickford, Stephanie  and  Hignight, Joshua  and  Hill, Colton  and  Hill, G. C.  and  Hoffman, Kara  and  Hoffmann, Ruth  and  Hoinka, Tobias  and  Hokanson-Fasig, Benjamin  and  Hoshina, K.  and  Huang, Feifei  and  Huber, Matthias  and  Huber, Thomas  and  Hultqvist, Klas  and  Hunnefeld, Mirco  and  Hussain, Raamis  and  In, Seongjin  and  Iovine, Nadège  and  Ishihara, Aya  and  Jansson, Matti  and  Japaridze, George  and  Jeong, Minjin  and  Jones, Ben  and  Kang, Donghwa  and  Kang, Woosik  and  Kang, Xinyue  and  Kappes, Alexander  and  Kappesser, David  and  Karg, Timo  and  Karl, Martina  and  Karle, A.  and  Katz, U.  and  Kauer, M.  and  Kellermann, Moritz  and  Kelley, J. L.  and  Kheirandish, Ali  and  Kin, Ken'ichi  and  Kintscher, Thomas  and  Kiryluk, Joanna  and  Klein, Spencer  and  Koirala, Ramesh  and  Kolanoski, Hermann  and  Kontrimas, Tomas  and  Kopke, Lutz  and  Kopper, Claudio  and  Kopper, Sandro  and  Koskinen, D. J.  and  Koundal, Paras  and  Kovacevich, Michael  and  Kowalski, Marek  and  Kozynets, Tetiana  and  Kun, Emma  and  Kurahashi, Naoko  and  Lad, Neha Navnitkumar  and  Lagunas Gualda, Cristina  and  Lanfranchi, Justin  and  Larson, Michael J  and  Lauber, Frederik Hermann  and  Lazar, Jeffrey  and  Lee, Jiwoong  and  Leonard, Kayla  and  Leszczyńska, Agnieszka  and  Li, Yijia  and  Lincetto, Massimiliano  and  Liu, Qinrui  and  Liubarska, Maria  and  Lohfink, Elisa  and  Lozano Mariscal, Cristian Jesus  and  Lu, Lu  and  Lucarelli, Francesco  and  Ludwig, Andrew  and  Luszczak, William  and  Lyu, Yang  and  Ma, Wing Yan  and  Madsen, James  and  Mahn, Kendall  and  Makino, Yuya  and  Mancina, Sarah  and  Maris, Ioana Codrina  and  Maruyama, Reina H.  and  Mase, K.  and  McElroy, Thomas  and  McNally, Frank  and  Mead, James Vincent  and  Meagher, K.  and  Medina, Andres  and  Meier, Maximilian  and  Meighen-Berger, Stephan Andrew  and  Micallef, Jessie  and  Mockler, Daniela  and  Montaruli, Teresa  and  Moore, Roger  and  Morse, R.  and  Moulai, Marjon  and  Naab, Richard  and  Nagai, Ryo  and  Naumann, Uwe  and  Necker, Jannis  and  Nguyen, Le Viet  and  Niederhausen, Hans  and  Nisa, Mehr  and  Nowicki, Sarah  and  Nygren, Dave  and  Obertacke Pollmann, Anna  and  Oehler, Marie  and  Olivas, A.  and  O'Sullivan, Erin  and  Pandya, Hershal  and  Pankova, Daria  and  Park, Nahee  and  Parker, Grant  and  Paudel, Ek Narayan  and  Paul, Larissa  and  Perez de los Heros, Carlos  and  Peters, Lilly  and  Peterson, Josh  and  Philippen, Saskia  and  Pieloth, Damian  and  Pieper, Sarah  and  Pittermann, Martin  and  Pizzuto, A.  and  Plum, M.  and  Popovych, Yuiry  and  Porcelli, Alessio  and  Prado Rodriguez, Maria  and  Price, P. Buford  and  Pries, Brandom  and  Przybylski, Gerald  and  Raab, Christoph  and  Raissi, Amirreza  and  Rameez, Mohamed  and  Rawlins, K.  and  Rea, Immacolata Carmen  and  Rehman, Abdul  and  Reichherzer, Patrick  and  Reimann, René  and  Renzi, Giovanni  and  Resconi, Elisa  and  Reusch, Simeon  and  Rhode, Wolfgang  and  Richman, Mike  and  Riedel, Benedikt  and  Roberts, Ella  and  Robertson, Sally  and  Roellinghoff, Gerrit  and  Rongen, Martin  and  Rott, Carsten  and  Ruhe, Tim  and  Ryckbosch, Dirk  and  Rysewyk Cantu, Devyn  and  Safa, Ibrahim  and  Saffer, Julian  and  Sanchez Herrera, Sebastian  and  Sandrock, Alexander  and  Sandroos, Joakim  and  Santander, Marcos  and  Sarkar, Subir  and  Sarkar, Sourav  and  Satalecka, Konstancja  and  Scharf, Maximilian Karl  and  Schaufel, Merlin  and  Schieler, Harald  and  Schindler, Sebastian  and  Schlunder, P.  and  Schmidt, Torsten  and  Schneider, Austin  and  Schneider, Judith  and  Schröder, Frank G.  and  Schumacher, Lisa Johanna  and  Schwefer, Georg  and  Sclafani, Steve  and  Seckel, D.  and  Seunarine, Surujhdeo  and  Sharma, Ankur  and  Shefali, Shefali  and  Silva, Manuel  and  Skrzypek, Barbara  and  Smithers, Ben  and  Snihur, Robert  and  Soedingrekso, Jan  and  Soldin, Dennis  and  Spannfellner, Christian  and  Spiczak, Glenn  and  Spiering, Christian  and  Stachurska, Juliana  and  Stamatikos, Michael  and  Stanev, T.  and  Stein, Robert  and  Stettner, Joeran  and  Steuer, A.  and  Stezelberger, T.  and  Sturwald, Timo  and  Stuttard, Thomas  and  Sullivan, G. W.  and  Taboada, I.  and  Tenholt, Frederik  and  Ter-Antonyan, Samvel  and  Tilav, S.  and  Tischbein, Franziska  and  Tollefson, Kirsten  and  Tomankova, Lenka  and  Tönnis, Christoph  and  Toscano, Simona  and  Tosi, Delia  and  Trettin, Alexander  and  Tselengidou, Maria  and  Tung, Chunfai  and  Turcati, Andrea  and  Turcotte, Roxanne  and  Turley, Colin  and  Twagirayezu, Jean-Pierre  and  Ty, Bunheng  and  Unland Elorrieta, Martin  and  Valtonen-Mattila, Nora  and  Vandenbroucke, Justin  and  van Eijndhoven, Nick  and  Vannerom, David  and  van Santen, Jakob  and  Verpoest, Stef  and  Vraeghe, Matthias  and  Walck, C.  and  Watson, Timothyblake  and  Weaver, Chris  and  Weigel, Philip  and  Weindl, Andreas  and  Weiss, Matthew  and  Weldert, Jan  and  Wendt, Chris  and  Werthebach, Johannes  and  Weyrauch, Mark  and  Whitehorn, Nathan  and  Wiebusch, C. H.  and  Williams, Dawn  and  Wolf, Martin  and  Woschnagg, Kurt  and  Wrede, Gerrit  and  Wulff, Johan  and  Xu, Xianwu  and  Xu, Yiqian  and  Yanez, Juan Pablo  and  Yoshida, S.  and  Yu, Shiqi  and  Yuan, Tianlu  and  Zhang, Zelong",
  title = "{A calibration study of local ice and optical sensor properties in IceCube}",
  doi = "10.22323/1.395.1023",
  journal = "PoS",
  year = 2021,
  volume = "ICRC2021",
  pages = "1023"
}

%holeice_peller_icrc23
@article{holeice_eller_icrc23,
  author = "Eller, Philipp  and  Rongen, Martin  and  Abbasi, Rasha  and  Ackermann, Markus  and  Adams, Jenni  and  Agarwalla, Sanjib Kumar  and  Aguilar, Juanan  and  Ahlers, Markus  and  Alameddine, Jean-Marco  and  Amin, Najia Moureen Binte  and  Andeen, Karen  and  Anton, Gisela  and  Arguelles, Carlos  and  Ashida, Yosuke  and  Athanasiadou, Sofia  and  Axani, Spencer  and  Bai, Xinhua  and  Balagopal V, Aswathi  and  Baricevic, Moreno  and  Barwick, Steve  and  Basu, Vedant  and  Bay, Ryan  and  Beatty, James  and  Becker Tjus, Julia  and  Beise, Jakob  and  Bellenghi, Chiara  and  Benning, Charlotte  and  BenZvi, Segev  and  Berley, David  and  Bernardini, Elisa  and  Besson, Dave  and  Blaufuss, Erik  and  Blot, Summer  and  Bontempo, Federico  and  Book, Julia  and  Boscolo Meneguolo, Caterina  and  BOSER, Sebastian  and  Botner, Olga  and  Bottcher, Jakob  and  Bourbeau, Etienne  and  Braun, Jim  and  Brinson, Bennett  and  Brostean-Kaiser, Jannes  and  Burley, Ryan T.  and  Busse, Raffaela  and  Butterfield, Delaney  and  Campana, Michael  and  Carloni, Kiara  and  Carnie-Bronca, Erin  and  Chattopadhyay, Sharmistha  and  Chau, Thien Nhan  and  Chen, Chujie  and  Chen, Zheyang  and  Chirkin, Dmitry  and  Choi, Seowon  and  Clark, Brian  and  Classen, Lew  and  Coleman, Alan  and  Collin, Gabriel  and  Connolly, Amy  and  Conrad, Janet  and  Coppin, Paul  and  Correa, Pablo  and  Cowen, Doug  and  Dave, Pranav  and  DE CLERCQ, Catherine  and  DeLaunay, James  and  Delgado Lopez, Diyaselis  and  Deng, Shuyang  and  Deoskar, Kunal  and  Desai, Abhishek  and  Desiati, Paolo  and  de Vries, Krijn  and  de Wasseige, Gwenhaël  and  DeYoung, Tyce  and  Diaz, Alejandro  and  Diaz-Velez, Juan Carlos  and  Dittmer, Markus  and  Domi, Alba  and  Dujmovic, Hrvoje  and  DuVernois, Michael  and  Ehrhardt, Thomas  and  Ellinger, Enrico  and  El Mentawi, Sharif  and  Elsässer, Dominik  and  Engel, Ralph  and  Erpenbeck, Hannah  and  Evans, John  and  Evenson, Paul  and  Fan, Kwok Lung  and  Fang, Ke  and  Farrag, Kareem Ramadan  and  Fazely, Ali  and  Fedynitch, Anatoli  and  Feigl, Nora  and  Fiedlschuster, Sebastian  and  Finley, Chad  and  Fischer, Leander  and  Fox, Derek B  and  Franckowiak, Anna  and  Fritz, Alexander  and  Furst, Philipp  and  Gallagher, Jay  and  Ganster, Erik  and  Garcia, Alfonso  and  Gerhardt, Lisa  and  Ghadimi, Ava  and  Glaser, Christian  and  Glauch, Theo  and  Glusenkamp, Thorsten  and  Goehlke, Noah  and  Gonzalez, Javier  and  Goswami, Sreetama  and  Grant, Darren  and  Gray, Shannon  and  Gries, Oliver  and  Griffin, Sean  and  Griswold, Spencer  and  Groth, Kathrine Morch  and  Günther, Christoph  and  Gutjahr, Pascal  and  Haack, Christian  and  Hallgren, Allan  and  Halliday, Robert  and  Halve, Lasse  and  Halzen, Francis  and  Hamdaoui, Hassane  and  Ha Minh, Martin  and  Hanson, Kael  and  Hardin, John  and  Harnisch, Alexander  and  Hatch, Patrick  and  Haungs, Andreas  and  Helbing, Klaus  and  Hellrung, Jonas  and  Henningsen, Felix  and  Heuermann, Lars Philipp  and  Heyer, Nils  and  Hickford, Stephanie  and  Hidvegi, Attila  and  Hill, Colton  and  Hill, Gary  and  Hoffman, Kara  and  Hori, Sam  and  Hoshina, Kotoyo  and  Hou, Wenjie  and  Huber, Thomas  and  Hultqvist, Klas  and  Hunnefeld, Mirco  and  Hussain, Raamis  and  Hymon, Karolin  and  In, Seongjin  and  Ishihara, Aya  and  Jacquart, Marc  and  Janik, Oliver  and  Jansson, Matti  and  Japaridze, George  and  Jeong, Minjin  and  Jin, Miaochen  and  Jones, Ben  and  Kang, Donghwa  and  Kang, Woosik  and  Kang, Xinyue  and  Kappes, Alexander  and  Kappesser, David  and  Kardum, Leonora  and  Karg, Timo  and  Karl, Martina  and  Karle, Albrecht  and  Katz, Ulì  and  Kauer, Matt  and  Kelley, John  and  Khatee Zathul, Arifa  and  Kheirandish, Ali  and  Kiryluk, Joanna  and  Klein, Spencer  and  Kochocki, Alina  and  Koirala, Ramesh  and  Kolanoski, Hermann  and  Kontrimas, Tomas  and  Kopke, Lutz  and  Kopper, Claudio  and  Koskinen, Jason  and  Koundal, Paras  and  Kovacevich, Michael  and  Kowalski, Marek  and  Kozynets, Tetiana  and  Jayakumar, Krishnamoorthi  and  Kruiswijk, Karlijn  and  Krupczak, Emmett  and  Kumar, Anil  and  Kun, Emma  and  Neilson, Naoko Kurahashi  and  Lad, Neha Navnitkumar  and  Lagunas Gualda, Cristina  and  Lamoureux, Mathieu  and  Larson, Michael J  and  Latseva, Silvia  and  Lauber, Frederik Hermann  and  Lazar, Jeffrey  and  Lee, Jiwoong  and  Leonard DeHolton, Kayla  and  Leszczynska, Agnieszka  and  Lincetto, Massimiliano  and  Liu, Qinrui  and  Liubarska, Maria  and  Lohfink, Elisa  and  Love, Christina  and  Lozano Mariscal, Cristian Jesus  and  Lu, Lu  and  Lucarelli, Francesco  and  Luszczak, William  and  Lyu, Yang  and  Madsen, Jim  and  Mahn, Kendall  and  Makino, Yuya  and  Manao, Elena  and  Mancina, Sarah  and  Marie Sainte, Wenceslas  and  Maris, Ioana Codrina  and  Marka, Szabolcs  and  Marka, Zsuzsa  and  Marsee, Matthew  and  Martinez-Soler, Ivan  and  Maruyama, Reina H.  and  Mayhew, Finn  and  McElroy, Thomas  and  McNally, Frank  and  Mead, James Vincent  and  Meagher, Kevin  and  Mechbal, Sarah  and  Medina, Andres  and  Meier, Maximilian  and  Merckx, Yarno  and  Merten, Lukas  and  Micallef, Jessie  and  Mitchell, Justin  and  Montaruli, Teresa  and  Moore, Roger  and  Morii, Yasutsugu  and  Morse, Bob  and  Moulai, Marjon  and  Mukherjee, Tista  and  Naab, Richard  and  Nagai, Ryo  and  Nakos, Maxwell  and  Naumann, Uwe  and  Necker, Jannis  and  Negi, Akshima  and  Neumann, Miriam  and  Niederhausen, Hans  and  Nisa, Mehr  and  Noell, Andreas  and  Novikov, Alexander  and  Nowicki, Sarah  and  Pollmann, Anna  and  O'Dell, Vivian  and  Oehler, Marie  and  Oeyen, Bob  and  Olivas, Alex  and  Orsoe, Rasmus  and  Osborn, Jesse  and  O'Sullivan, Erin  and  Pandya, Hershal  and  Park, Nahee  and  Parker, Grant  and  Paudel, Ek Narayan  and  Paul, Larissa  and  Pérez de los Heros, Carlos  and  Peterson, Josh  and  Philippen, Saskia  and  Pizzuto, Alex  and  Plum, Matthias  and  Ponten, Axel  and  Popovych, Yuriy  and  Prado Rodriguez, Maria  and  Pries, Brandon  and  Procter-Murphy, Rachel  and  Przybylski, Gerald  and  Raab, Christoph  and  Rack-Helleis, John  and  Rawlins, Katherine  and  Rechav, Zoe  and  Rehman, Abdul  and  Reichherzer, Patrick  and  Renzi, Giovanni  and  Resconi, Elisa  and  Reusch, Simeon  and  Rhode, Wolfgang  and  Riedel, Benedikt  and  Rifaie, Adam  and  Roberts, Ella  and  Robertson, Sally  and  Rodan, Steven T.  and  Roellinghoff, Gerrit  and  Rott, Carsten  and  Ruhe, Tim  and  Ruohan, Li  and  Ryckbosch, Dirk  and  Safa, Ibrahim  and  Saffer, Julian  and  Salazar-Gallegos, Daniel  and  Sampathkumar, Pranav  and  Sanchez Herrera, Sebastian  and  Sandrock, Alexander  and  Santander, Marcos  and  Sarkar, Sourav  and  Sarkar, Subir  and  Savelberg, Joelle  and  Savina, Pierpaolo  and  Schaufel, Merlin  and  Schieler, Harald  and  Schindler, Sebastian  and  Schlickmann, Lea  and  Schluter, Berit  and  Schlüter, Felix  and  Schmeisser, Nick  and  Schmidt, Torsten  and  Schneider, Judith  and  Schröder, Frank G.  and  Schumacher, Lisa Johanna  and  Schwefer, Georg  and  Sclafani, Steve  and  Seckel, David  and  Seikh, Mohammad Ful Hossain  and  Seunarine, Suruj  and  Shah, Riya  and  Sharma, Ankur  and  Shefali, S.  and  Shimizu, Nobuhiro  and  Silva, Manuel  and  Skrzypek, Barbara  and  Smithers, Ben  and  Snihur, Robert  and  Soedingrekso, Jan  and  Sogaard, Andreas  and  Soldin, Dennis  and  Soldin, Philipp  and  Sommani, Giacomo  and  Spannfellner, Christian  and  Spiczak, Glenn  and  Spiering, Christian  and  Stamatikos, Michael  and  Stanev, Todor  and  Stezelberger, Thorsten  and  Sturwald, Timo  and  Stuttard, Thomas  and  Sullivan, Greg  and  Taboada, Ignacio  and  Ter-Antonyan, Samvel  and  Thiesmeyer, Matthias  and  Thompson, Will  and  Thwaites, Jessie  and  Tilav, Serap  and  Tollefson, Kirsten  and  Tönnis, Christoph  and  Toscano, Simona  and  Tosi, Delia  and  Trettin, Alexander  and  Tung, Chun Fai  and  Turcotte, Roxanne  and  Twagirayezu, Jean Pierre  and  Ty, Bunheng  and  Unland Elorrieta, Martin  and  Upadhyay, Anuj Kumar  and  Upshaw, Karriem  and  Valtonen-Mattila, Nora  and  Vandenbroucke, Justin  and  van Eijndhoven, Nick  and  Vannerom, David  and  van Santen, Jakob  and  Vara, Javi  and  Veitch-Michaelis, Joshua  and  Venugopal, Megha  and  Vereecken, Matthias  and  Verpoest, Stef  and  Veske, Doğa  and  Vijai, Aishwarya  and  Walck, Christian  and  Weaver, Chris  and  Weigel, Philip  and  Weindl, Andreas  and  Weldert, Jan  and  Wendt, Chris  and  Werthebach, Johannes  and  Weyrauch, Mark  and  Whitehorn, Nathan  and  Wiebusch, Christopher  and  Willey, Nathan  and  Williams, Dawn  and  Witthaus, Lucas  and  Wolf, Annika  and  Wolf, Martin  and  Wrede, Gerrit  and  Xu, Xianwu  and  Yanez, Juan Pablo  and  Yildizci, Emre Burak  and  Yoshida, Shigeru  and  Young, Robert  and  Yu, Felix J.  and  Yu, Shiqi  and  Yuan, Tianlu  and  Zhang, Zelong  and  Zhelnin, Pavel  and  Zimmerman, Melany",
  title = "{A model independent parametrization of the optical properties of the refrozen IceCube drill holes}",
  doi = "10.22323/1.444.1034",
  journal = "PoS",
  year = 2023,
  volume = "ICRC2023",
  pages = "1034"
}
% icecube dustlogger paper
@article{dustlogger, 
  title={South Pole glacial climate reconstruction from multi-borehole laser particulate stratigraphy}, 
  author={Aartsen, M. G. and others},
  volume={59}, 
  DOI={10.3189/2013JoG13J068}, 
  number={218}, 
  journal={Journal of Glaciology}, 
  publisher={Cambridge University Press}, 
  year={2013}, 
  pages={1117–1128}
}

@article{dust_logger,
author = {Aartsen, M. and Abbasi, Rezvan and Abdou, Yasser and Ackermann, M. and Adams, J. and Aguilar Sánchez, Juan Antonio and Ahlers, M. and Altmann, David and Auffenberg, J. and Bai, Xiaoqiong and Baker, Moatasem and Barwick, S. and Baum, V. and Bay, Ryan and Beatty, J. and Bechet, S. and Tjus, J. and Becker, K.-H and Benabderrahmane, M. L. and Zoll, M.},
year = {2013},
month = {09},
pages = {1117-1129},
title = {South Pole Glacial Climate Reconstruction from Multi-Borehole Laser Particulate Stratigraphy},
volume = {59},
journal = {Journal of Glaciology},
doi = {10.3189/2013JoG13J068}
}

@article{miescattering,
author = {Hahn, D.},
year = {2004},
month = {01},
pages = {},
title = {Light Scattering Theory}
}

% spicemie/LED measurements paper
@article{spicemie,
	doi = {10.1016/j.nima.2013.01.054},
  
	url = {https://doi.org/10.1016%2Fj.nima.2013.01.054},
  
	year = 2013,
	month = {05},
  
	publisher = {Elsevier {BV}
},
  
	volume = {711},
  
	pages = {73--89},
  
	author = {M. G. Aartsen and R. Abbasi and Y. Abdou and M. Ackermann and J. Adams and J.A. Aguilar and M. Ahlers and D. Altmann and J. Auffenberg and X. Bai and M. Baker and S.W. Barwick and V. Baum and R. Bay and J.J. Beatty and S. Bechet and J. Becker Tjus and K.-H. Becker and M. Bell and M.L. Benabderrahmane and S. BenZvi and J. Berdermann and P. Berghaus and D. Berley and E. Bernardini and A. Bernhard and D. Bertrand and D.Z. Besson and G. Binder and D. Bindig and M. Bissok and E. Blaufuss and J. Blumenthal and D.J. Boersma and S. Bohaichuk and C. Bohm and D. Bose and S. Böser and O. Botner and L. Brayeur and A.M. Brown and R. Bruijn and J. Brunner and S. Buitink and M. Carson and J. Casey and M. Casier and D. Chirkin and B. Christy and K. Clark and F. Clevermann and S. Cohen and D.F. Cowen and A.H. Cruz Silva and M. Danninger and J. Daughhetee and J.C. Davis and C. De Clercq and S. De Ridder and P. Desiati and M. de With and T. DeYoung and J.C. D{\'{\i}}az-V{\'{e}}lez and M. Dunkman and R. Eagan and B. Eberhardt and J. Eisch and R.W. Ellsworth and S. Euler and P.A. Evenson and O. Fadiran and A.R. Fazely and A. Fedynitch and J. Feintzeig and T. Feusels and K. Filimonov and C. Finley and T. Fischer-Wasels and S. Flis and A. Franckowiak and R. Franke and K. Frantzen and T. Fuchs and T.K. Gaisser and J. Gallagher and L. Gerhardt and L. Gladstone and T. Glüsenkamp and A. Goldschmidt and G. Golup and J.A. Goodman and D. G{\'{o}}ra and D. Grant and A. Gro{\ss} and M. Gurtner and C. Ha and A. Haj Ismail and A. Hallgren and F. Halzen and K. Hanson and D. Heereman and P. Heimann and D. Heinen and K. Helbing and R. Hellauer and S. Hickford and G.C. Hill and K.D. Hoffman and R. Hoffmann and A. Homeier and K. Hoshina and W. Huelsnitz and P.O. Hulth and K. Hultqvist and S. Hussain and A. Ishihara and E. Jacobi and J. Jacobsen and G.S. Japaridze and K. Jero and O. Jlelati and B. Kaminsky and A. Kappes and T. Karg and A. Karle and J.L. Kelley and J. Kiryluk and F. Kislat and J. Kläs and S.R. Klein and J.-H. Köhne and G. Kohnen and H. Kolanoski and L. Köpke and C. Kopper and S. Kopper and D.J. Koskinen and M. Kowalski and M. Krasberg and G. Kroll and J. Kunnen and N. Kurahashi and T. Kuwabara and M. Labare and H. Landsman and M.J. Larson and M. Lesiak-Bzdak and J. Leute and J. Lünemann and J. Madsen and R. Maruyama and K. Mase and H.S. Matis and F. McNally and K. Meagher and M. Merck and P. M{\'{e}}sz{\'{a}}ros and T. Meures and S. Miarecki and E. Middell and N. Milke and J. Miller and L. Mohrmann and T. Montaruli and R. Morse and R. Nahnhauer and U. Naumann and H. Niederhausen and S.C. Nowicki and D.R. Nygren and A. Obertacke and S. Odrowski and A. Olivas and M. Olivo and A. O{\textquotesingle}Murchadha and L. Paul and J.A. Pepper and C. P{\'{e}}rez de los Heros and C. Pfendner and D. Pieloth and N. Pirk and J. Posselt and P.B. Price and G.T. Przybylski and L. Rädel and K. Rawlins and P. Redl and E. Resconi and W. Rhode and M. Ribordy and M. Richman and B. Riedel and J.P. Rodrigues and C. Rott and T. Ruhe and B. Ruzybayev and D. Ryckbosch and S.M. Saba and T. Salameh and H.-G. Sander and M. Santander and S. Sarkar and K. Schatto and M. Scheel and F. Scheriau and T. Schmidt and M. Schmitz and S. Schoenen and S. Schöneberg and L. Schönherr and A. Schönwald and A. Schukraft and L. Schulte and O. Schulz and D. Seckel and S.H. Seo and Y. Sestayo and S. Seunarine and C. Sheremata and M.W.E. Smith and M. Soiron and D. Soldin and G.M. Spiczak and C. Spiering and M. Stamatikos and T. Stanev and A. Stasik and T. Stezelberger and R.G. Stokstad and A. Stö{\ss}l and E.A. Strahler and R. Ström and G.W. Sullivan and H. Taavola and I. Taboada and A. Tamburro and S. Ter-Antonyan and S. Tilav and P.A. Toale and S. Toscano and M. Usner and D. van der Drift and N. van Eijndhoven and A. Van Overloop and J. van Santen and M. Vehring and M. Voge and M. Vraeghe and C. Walck and T. Waldenmaier and M. Wallraff and R. Wasserman and Ch. Weaver and M. Wellons and C. Wendt and S. Westerhoff and N. Whitehorn and K. Wiebe and C.H. Wiebusch and D.R. Williams and H. Wissing and M. Wolf and T.R. Wood and C. Xu and D.L. Xu and X.W. Xu and J.P. Yanez and G. Yodh and S. Yoshida and P. Zarzhitsky and J. Ziemann and S. Zierke and A. Zilles and M. Zoll},
  
	title = {Measurement of South Pole ice transparency with the {IceCube} {LED} calibration system},
  
	journal = {Nuclear Instruments and Methods in Physics Research Section A: Accelerators, Spectrometers, Detectors and Associated Equipment}
}
% Tilt ICRC23 proceedings

@article{tilt_icrc,
  author = "Chirkin, Dmitry and Rongen, Martin and Abbasi, Rasha  and  Ackermann, Markus  and  Adams, Jenni  and  Agarwalla, Sanjib Kumar  and  Aguilar, Juanan  and  Ahlers, Markus  and  Alameddine, Jean-Marco  and  Amin, Najia Moureen Binte  and  Andeen, Karen  and  Anton, Gisela  and  Arguelles, Carlos  and  Ashida, Yosuke  and  Athanasiadou, Sofia  and  Axani, Spencer  and  Bai, Xinhua  and  Balagopal V, Aswathi  and  Baricevic, Moreno  and  Barwick, Steve  and  Basu, Vedant  and  Bay, Ryan  and  Beatty, James  and  Becker Tjus, Julia  and  Beise, Jakob  and  Bellenghi, Chiara  and  Benning, Charlotte  and  BenZvi, Segev  and  Berley, David  and  Bernardini, Elisa  and  Besson, Dave  and  Blaufuss, Erik  and  Blot, Summer  and  Bontempo, Federico  and  Book, Julia  and  Boscolo Meneguolo, Caterina  and  BOSER, Sebastian  and  Botner, Olga  and  Bottcher, Jakob  and  Bourbeau, Etienne  and  Braun, Jim  and  Brinson, Bennett  and  Brostean-Kaiser, Jannes  and  Burley, Ryan T.  and  Busse, Raffaela  and  Butterfield, Delaney  and  Campana, Michael  and  Carloni, Kiara  and  Carnie-Bronca, Erin  and  Chattopadhyay, Sharmistha  and  Chau, Thien Nhan  and  Chen, Chujie  and  Chen, Zheyang  and  Choi, Seowon  and  Clark, Brian  and  Classen, Lew  and  Coleman, Alan  and  Collin, Gabriel  and  Connolly, Amy  and  Conrad, Janet  and  Coppin, Paul  and  Correa, Pablo  and  Cowen, Doug  and  Dave, Pranav  and  DE CLERCQ, Catherine  and  DeLaunay, James  and  Delgado Lopez, Diyaselis  and  Deng, Shuyang  and  Deoskar, Kunal  and  Desai, Abhishek  and  Desiati, Paolo  and  de Vries, Krijn  and  de Wasseige, Gwenhaël  and  DeYoung, Tyce  and  Diaz, Alejandro  and  Diaz-Velez, Juan Carlos  and  Dittmer, Markus  and  Domi, Alba  and  Dujmovic, Hrvoje  and  DuVernois, Michael  and  Ehrhardt, Thomas  and  Eller, Philipp  and  Ellinger, Enrico  and  El Mentawi, Sharif  and  Elsässer, Dominik  and  Engel, Ralph  and  Erpenbeck, Hannah  and  Evans, John  and  Evenson, Paul  and  Fan, Kwok Lung  and  Fang, Ke  and  Farrag, Kareem Ramadan  and  Fazely, Ali  and  Fedynitch, Anatoli  and  Feigl, Nora  and  Fiedlschuster, Sebastian  and  Finley, Chad  and  Fischer, Leander  and  Fox, Derek B  and  Franckowiak, Anna  and  Fritz, Alexander  and  Furst, Philipp  and  Gallagher, Jay  and  Ganster, Erik  and  Garcia, Alfonso  and  Gerhardt, Lisa  and  Ghadimi, Ava  and  Glaser, Christian  and  Glauch, Theo  and  Glusenkamp, Thorsten  and  Goehlke, Noah  and  Gonzalez, Javier  and  Goswami, Sreetama  and  Grant, Darren  and  Gray, Shannon  and  Gries, Oliver  and  Griffin, Sean  and  Griswold, Spencer  and  Groth, Kathrine Morch  and  Günther, Christoph  and  Gutjahr, Pascal  and  Haack, Christian  and  Hallgren, Allan  and  Halliday, Robert  and  Halve, Lasse  and  Halzen, Francis  and  Hamdaoui, Hassane  and  Ha Minh, Martin  and  Hanson, Kael  and  Hardin, John  and  Harnisch, Alexander  and  Hatch, Patrick  and  Haungs, Andreas  and  Helbing, Klaus  and  Hellrung, Jonas  and  Henningsen, Felix  and  Heuermann, Lars Philipp  and  Heyer, Nils  and  Hickford, Stephanie  and  Hidvegi, Attila  and  Hill, Colton  and  Hill, Gary  and  Hoffman, Kara  and  Hori, Sam  and  Hoshina, Kotoyo  and  Hou, Wenjie  and  Huber, Thomas  and  Hultqvist, Klas  and  Hunnefeld, Mirco  and  Hussain, Raamis  and  Hymon, Karolin  and  In, Seongjin  and  Ishihara, Aya  and  Jacquart, Marc  and  Janik, Oliver  and  Jansson, Matti  and  Japaridze, George  and  Jeong, Minjin  and  Jin, Miaochen  and  Jones, Ben  and  Kang, Donghwa  and  Kang, Woosik  and  Kang, Xinyue  and  Kappes, Alexander  and  Kappesser, David  and  Kardum, Leonora  and  Karg, Timo  and  Karl, Martina  and  Karle, Albrecht  and  Katz, Ulì  and  Kauer, Matt  and  Kelley, John  and  Khatee Zathul, Arifa  and  Kheirandish, Ali  and  Kiryluk, Joanna  and  Klein, Spencer  and  Kochocki, Alina  and  Koirala, Ramesh  and  Kolanoski, Hermann  and  Kontrimas, Tomas  and  Kopke, Lutz  and  Kopper, Claudio  and  Koskinen, Jason  and  Koundal, Paras  and  Kovacevich, Michael  and  Kowalski, Marek  and  Kozynets, Tetiana  and  Jayakumar, Krishnamoorthi  and  Kruiswijk, Karlijn  and  Krupczak, Emmett  and  Kumar, Anil  and  Kun, Emma  and  Neilson, Naoko Kurahashi  and  Lad, Neha Navnitkumar  and  Lagunas Gualda, Cristina  and  Lamoureux, Mathieu  and  Larson, Michael J  and  Latseva, Silvia  and  Lauber, Frederik Hermann  and  Lazar, Jeffrey  and  Lee, Jiwoong  and  Leonard DeHolton, Kayla  and  Leszczynska, Agnieszka  and  Lincetto, Massimiliano  and  Liu, Qinrui  and  Liubarska, Maria  and  Lohfink, Elisa  and  Love, Christina  and  Lozano Mariscal, Cristian Jesus  and  Lu, Lu  and  Lucarelli, Francesco  and  Luszczak, William  and  Lyu, Yang  and  Madsen, Jim  and  Mahn, Kendall  and  Makino, Yuya  and  Manao, Elena  and  Mancina, Sarah  and  Marie Sainte, Wenceslas  and  Maris, Ioana Codrina  and  Marka, Szabolcs  and  Marka, Zsuzsa  and  Marsee, Matthew  and  Martinez-Soler, Ivan  and  Maruyama, Reina H.  and  Mayhew, Finn  and  McElroy, Thomas  and  McNally, Frank  and  Mead, James Vincent  and  Meagher, Kevin  and  Mechbal, Sarah  and  Medina, Andres  and  Meier, Maximilian  and  Merckx, Yarno  and  Merten, Lukas  and  Micallef, Jessie  and  Mitchell, Justin  and  Montaruli, Teresa  and  Moore, Roger  and  Morii, Yasutsugu  and  Morse, Bob  and  Moulai, Marjon  and  Mukherjee, Tista  and  Naab, Richard  and  Nagai, Ryo  and  Nakos, Maxwell  and  Naumann, Uwe  and  Necker, Jannis  and  Negi, Akshima  and  Neumann, Miriam  and  Niederhausen, Hans  and  Nisa, Mehr  and  Noell, Andreas  and  Novikov, Alexander  and  Nowicki, Sarah  and  Pollmann, Anna  and  O'Dell, Vivian  and  Oehler, Marie  and  Oeyen, Bob  and  Olivas, Alex  and  Orsoe, Rasmus  and  Osborn, Jesse  and  O'Sullivan, Erin  and  Pandya, Hershal  and  Park, Nahee  and  Parker, Grant  and  Paudel, Ek Narayan  and  Paul, Larissa  and  Pérez de los Heros, Carlos  and  Peterson, Josh  and  Philippen, Saskia  and  Pizzuto, Alex  and  Plum, Matthias  and  Ponten, Axel  and  Popovych, Yuriy  and  Prado Rodriguez, Maria  and  Pries, Brandon  and  Procter-Murphy, Rachel  and  Przybylski, Gerald  and  Raab, Christoph  and  Rack-Helleis, John  and  Rawlins, Katherine  and  Rechav, Zoe  and  Rehman, Abdul  and  Reichherzer, Patrick  and  Renzi, Giovanni  and  Resconi, Elisa  and  Reusch, Simeon  and  Rhode, Wolfgang  and  Riedel, Benedikt  and  Rifaie, Adam  and  Roberts, Ella  and  Robertson, Sally  and  Rodan, Steven T.  and  Roellinghoff, Gerrit  and  Rott, Carsten  and  Ruhe, Tim  and  Ruohan, Li  and  Ryckbosch, Dirk  and  Safa, Ibrahim  and  Saffer, Julian  and  Salazar-Gallegos, Daniel  and  Sampathkumar, Pranav  and  Sanchez Herrera, Sebastian  and  Sandrock, Alexander  and  Santander, Marcos  and  Sarkar, Sourav  and  Sarkar, Subir  and  Savelberg, Joelle  and  Savina, Pierpaolo  and  Schaufel, Merlin  and  Schieler, Harald  and  Schindler, Sebastian  and  Schlickmann, Lea  and  Schluter, Berit  and  Schlüter, Felix  and  Schmeisser, Nick  and  Schmidt, Torsten  and  Schneider, Judith  and  Schröder, Frank G.  and  Schumacher, Lisa Johanna  and  Schwefer, Georg  and  Sclafani, Steve  and  Seckel, David  and  Seikh, Mohammad Ful Hossain  and  Seunarine, Suruj  and  Shah, Riya  and  Sharma, Ankur  and  Shefali, S.  and  Shimizu, Nobuhiro  and  Silva, Manuel  and  Skrzypek, Barbara  and  Smithers, Ben  and  Snihur, Robert  and  Soedingrekso, Jan  and  Sogaard, Andreas  and  Soldin, Dennis  and  Soldin, Philipp  and  Sommani, Giacomo  and  Spannfellner, Christian  and  Spiczak, Glenn  and  Spiering, Christian  and  Stamatikos, Michael  and  Stanev, Todor  and  Stezelberger, Thorsten  and  Sturwald, Timo  and  Stuttard, Thomas  and  Sullivan, Greg  and  Taboada, Ignacio  and  Ter-Antonyan, Samvel  and  Thiesmeyer, Matthias  and  Thompson, Will  and  Thwaites, Jessie  and  Tilav, Serap  and  Tollefson, Kirsten  and  Tönnis, Christoph  and  Toscano, Simona  and  Tosi, Delia  and  Trettin, Alexander  and  Tung, Chun Fai  and  Turcotte, Roxanne  and  Twagirayezu, Jean Pierre  and  Ty, Bunheng  and  Unland Elorrieta, Martin  and  Upadhyay, Anuj Kumar  and  Upshaw, Karriem  and  Valtonen-Mattila, Nora  and  Vandenbroucke, Justin  and  van Eijndhoven, Nick  and  Vannerom, David  and  van Santen, Jakob  and  Vara, Javi  and  Veitch-Michaelis, Joshua  and  Venugopal, Megha  and  Vereecken, Matthias  and  Verpoest, Stef  and  Veske, Doğa  and  Vijai, Aishwarya  and  Walck, Christian  and  Weaver, Chris  and  Weigel, Philip  and  Weindl, Andreas  and  Weldert, Jan  and  Wendt, Chris  and  Werthebach, Johannes  and  Weyrauch, Mark  and  Whitehorn, Nathan  and  Wiebusch, Christopher  and  Willey, Nathan  and  Williams, Dawn  and  Witthaus, Lucas  and  Wolf, Annika  and  Wolf, Martin  and  Wrede, Gerrit  and  Xu, Xianwu  and  Yanez, Juan Pablo  and  Yildizci, Emre Burak  and  Yoshida, Shigeru  and  Young, Robert  and  Yu, Felix J.  and  Yu, Shiqi  and  Yuan, Tianlu  and  Zhang, Zelong  and  Zhelnin, Pavel  and  Zimmerman, Melany",
  title = "{An improved mapping of ice layer undulations for the IceCube Neutrino Observatory}",
  doi = "10.22323/1.444.0975",
  journal = "PoS",
  year = 2023,
  volume = "ICRC2023",
  pages = "975"
}
%Bfr stuff
@Article{BFR_paper,
AUTHOR = {Abbasi, R. and Ackermann, M. and Adams, J. and Aggarwal, N. and Aguilar, J. and Ahlers, M. and Ahrens, M. and Alameddine, J.-M. and Alves Junior, A. A. and Amin, N. M. B. and Andeen, K. and Anderson, T. and Anton, G. and Arg\"uelles, C. and Ashida, Y. and Athanasiadou, S. and Axani, S. and Bai, X. and Balagopal V, A. and Baricevic, M. and Barwick, S. and Basu, V. and Bay, R. and Beatty, J. and Becker, K. H. and Becker Tjus, J. and Beise, J. and Bellenghi, C. and Benda, S. and BenZvi, S. and Berley, D. and Bernardini, E. and Besson, D. and Binder, G. and Bindig, D. and Blaufuss, E. and Blot, S. and Bontempo, F. and Book, J. and Borowka, J. and Boscolo Meneguolo, C. and B\"oser, S. and Botner, O. and B\"ottcher, J. and Bourbeau, E. and Braun, J. and Brinson, B. and Brostean-Kaiser, J. and Burley, R. and Busse, R. and Campana, M. and Carnie-Bronca, E. and Chen, C. and Chen, Z. and Chirkin, D. and Choi, K. and Clark, B. and Classen, L. and Coleman, A. and Collin, G. and Connolly, A. and Conrad, J. and Coppin, P. and Correa, P. and Countryman, S. and Cowen, D. and Cross, R. and Dappen, C. and Dave, P. and De Clercq, C. and DeLaunay, J. and Delgado L\'opez, D. and Dembinski, H. and Deoskar, K. and Desai, A. and Desiati, P. and de Vries, K. and de Wasseige, G. and DeYoung, T. and Diaz, A. and D\'{\i}az-V\'elez, J. C. and Dittmer, M. and Dujmovic, H. and DuVernois, M. and Ehrhardt, T. and Eller, P. and Engel, R. and Erpenbeck, H. and Evans, J. and Evenson, P. and Fan, K. L. and Fazely, A. and Fedynitch, A. and Feigl, N. and Fiedlschuster, S. and Fienberg, A. and Finley, C. and Fischer, L. and Fox, D. and Franckowiak, A. and Friedman, E. and Fritz, A. and F\"urst, P. and Gaisser, T. and Gallagher, J. and Ganster, E. and Garcia, A. and Garrappa, S. and Gerhardt, L. and Ghadimi, A. and Glaser, C. and Gl\"usenkamp, T. and Glauch, T. and Goehlke, N. and Gonzalez, J. and Goswami, S. and Grant, D. and Gray, S. and Gr\'egoire, T. and Griswold, S. and G\"unther, C. and Gutjahr, P. and Haack, C. and Hallgren, A. and Halliday, R. and Halve, L. and Halzen, F. and Hamdaoui, H. and Ha Minh, M. and Hanson, K. and Hardin, J. and Harnisch, A. and Hatch, P. and Haungs, A. and Helbing, K. and Hellrung, J. and Henningsen, F. and Heuermann, L. and Hickford, S. and Hill, C. and Hill, G. and Hoffman, K. and Hoshina, K. and Hou, W. and Huber, T. and Hultqvist, K. and H\"unnefeld, M. and Hussain, R. and Hymon, K. and In, S. and Iovine, N. and Ishihara, A. and Jansson, M. and Japaridze, G. and Jeong, M. and Jin, M. and Jones, B. and Kang, D. and Kang, W. and Kang, X. and Kappes, A. and Kappesser, D. and Kardum, L. and Karg, T. and Karl, M. and Karle, A. and Katz, U. and Kauer, M. and Kelley, J. and Kheirandish, A. and Kin, K. and Kiryluk, J. and Klein, S. and Kochocki, A. and Koirala, R. and Kolanoski, H. and Kontrimas, T. and K\"opke, L. and Kopper, C. and Koskinen, J. and Koundal, P. and Kovacevich, M. and Kowalski, M. and Kozynets, T. and Krupczak, E. and Kun, E. and Kurahashi, N. and Lad, N. and Lagunas Gualda, C. and Larson, M. and Lauber, F. and Lazar, J. and Lee, J. and Leonard, K. and Leszczy\'nska, A. and Lincetto, M. and Liu, Q. and Liubarska, M. and Lohfink, E. and Love, C. and Lozano Mariscal, C. J. and Lu, L. and Lucarelli, F. and Ludwig, A. and Luszczak, W. and Lyu, Y. and Ma, W. Y. and Madsen, J. and Mahn, K. and Makino, Y. and Mancina, S. and Marie Sainte, W. and Mari\c{s}, I. and Marka, S. and Marka, Z. and Marsee, M. and Martinez-Soler, I. and Maruyama, R. and McElroy, T. and McNally, F. and Mead, J. V. and Meagher, K. and Mechbal, S. and Medina, A. and Meier, M. and Meighen-Berger, S. and Merckx, Y. and Micallef, J. and Mockler, D. and Montaruli, T. and Moore, R. and Morse, B. and Moulai, M. and Mukherjee, T. and Naab, R. and Nagai, R. and Naumann, U. and Nayerhoda, A. and Necker, J. and Neumann, M. and Niederhausen, H. and Nisa, M. and Nowicki, S. and Obertacke Pollmann, A. and Oehler, M. and Oeyen, B. and Olivas, A. and Orsoe, R. and Osborn, J. and O'Sullivan, E. and Pandya, H. and Pankova, D. and Park, N. and Parker, G. and Paudel, E. N. and Paul, L. and P\'erez de los Heros, C. and Peters, L. and Peterson, J. and Philippen, S. and Pieper, S. and Pizzuto, A. and Plum, M. and Popovych, Y. and Porcelli, A. and Prado Rodriguez, M. and Pries, B. and Procter-Murphy, R. and Przybylski, G. and Raab, C. and Rack-Helleis, J. and Rameez, M. and Rawlins, K. and Rechav, Z. and Rehman, A. and Reichherzer, P. and Renzi, G. and Resconi, E. and Reusch, S. and Rhode, W. and Richman, M. and Riedel, B. and Roberts, E. and Robertson, S. and Rodan, S. and Roellinghoff, G. and Rongen, M. and Rott, C. and Ruhe, T. and Ruohan, L. and Ryckbosch, D. and Rysewyk Cantu, D. and Safa, I. and Saffer, J. and Salazar-Gallegos, D. and Sampathkumar, P. and Sanchez Herrera, S. and Sandrock, A. and Santander, M. and Sarkar, S. and Sarkar, S. and Schaufel, M. and Schieler, H. and Schindler, S. and Schl\"uter, B. and Schmidt, T. and Schneider, J. and Schr\"oder, F. and Schumacher, L. and Schwefer, G. and Sclafani, S. and Seckel, D. and Seunarine, S. and Sharma, A. and Shefali, S. and Shimizu, N. and Silva, M. and Skrzypek, B. and Smithers, B. and Snihur, R. and Soedingrekso, J. and S{\o}gaard, A. and Soldin, D. and Spannfellner, C. and Spiczak, G. and Spiering, C. and Stamatikos, M. and Stanev, T. and Stein, R. and Stezelberger, T. and St\"urwald, T. and Stuttard, T. and Sullivan, G. and Taboada, I. and Ter-Antonyan, S. and Thompson, W. and Thwaites, J. and Tilav, S. and Tollefson, K. and T\"onnis, C. and Toscano, S. and Tosi, D. and Trettin, A. and Tung, C. F. and Turcotte, R. and Twagirayezu, J. P. and Ty, B. and Unland Elorrieta, M. and Upshaw, K. and Valtonen-Mattila, N. and Vandenbroucke, J. and van Eijndhoven, N. and Vannerom, D. and van Santen, J. and Vara, J. and Veitch-Michaelis, J. and Verpoest, S. and Veske, D. and Walck, C. and Wang, W. and Watson, T. B. and Weaver, C. and Weigel, P. and Weindl, A. and Weldert, J. and Wendt, C. and Werthebach, J. and Weyrauch, M. and Whitehorn, N. and Wiebusch, C. and Willey, N. and Williams, D. and Wolf, M. and Wrede, G. and Wulff, J. and Xu, X. and Yanez, J. P. and Yildizci, E. and Yoshida, S. and Yu, S. and Yuan, T. and Zhang, Z. and Zhelnin, P.},
TITLE = {In situ estimation of ice crystal properties at the South Pole using LED calibration data from the IceCube Neutrino Observatory},
JOURNAL = {The Cryosphere},
VOLUME = {18},
YEAR = {2024},
NUMBER = {1},
PAGES = {75--102},
URL = {https://tc.copernicus.org/articles/18/75/2024/},
DOI = {10.5194/tc-18-75-2024}
}

%2019 proceedings for bfr
@article{bfr_icrc2019,
      title={Light diffusion in birefringent polycrystals and the IceCube ice anisotropy}, 
      author={Chirkin, D. and Rongen, M.},
      year={2019},
      journal = "PoS",
      volume = "ICRC2019",
      pages = "854",
}
%2013 proceedings for bfr
@INPROCEEDINGS{bfr_icrc2013,
       author = {{Chirkin}, Dmitry and {IceCube Collaboration}},
        title = "{Evidence of optical anisotropy of the South Pole ice}",
     keywords = {South Pole ice, photon propagation, ice anisotropy},
    booktitle = {International Cosmic Ray Conference},
         year = 2013,
       series = {International Cosmic Ray Conference},
       volume = {33},
        month = jan,
        pages = {3338},
       adsurl = {https://ui.adsabs.harvard.edu/abs/2013ICRC...33.3338C},
      adsnote = {Provided by the SAO/NASA Astrophysics Data System}
}

%for dustlayer
@article{dustlayer,
author = {Woschnagg, K. and Chirkin, Dmitry},
year = {2000},
month = {07},
pages = {2129-2132},
title = {Age vs depth of glacial ice at South Pole},
volume = {27},
journal = {Geophysical Research Letters},
doi = {10.1029/2000GL011351}
}

% Particle Interactions

@article{PDG_2024,
  title = {Review of Particle Physics},
  author = {Navas, S. and Amsler, C. and Gutsche, T. and Hanhart, C. and Hern\'andez-Rey, J. J. and Louren\ifmmode \mbox{\c{c}}\else \c{c}\fi{}o, C. and Masoni, A. and Mikhasenko, M. and Mitchell, R. E. and Patrignani, C. and Schwanda, C. and Spanier, S. and Venanzoni, G. and Yuan, C. Z. and Agashe, K. and Aielli, G. and Allanach, B. C. and Alvarez-Mu\~niz, J. and Antonelli, M. and Aschenauer, E. C. and Asner, D. M. and Assamagan, K. and Baer, H. and Banerjee, Sw. and Barnett, R. M. and Baudis, L. and Bauer, C. W. and Beatty, J. J. and Beringer, J. and Bettini, A. and Biebel, O. and Black, K. M. and Blucher, E. and Bonventre, R. and Briere, R. A. and Buckley, A. and Burkert, V. D. and Bychkov, M. A. and Cahn, R. N. and Cao, Z. and Carena, M. and Casarosa, G. and Ceccucci, A. and Cerri, A. and Chivukula, R. S. and Cowan, G. and Cranmer, K. and Crede, V. and Cremonesi, O. and D'Ambrosio, G. and Damour, T. and de Florian, D. and de Gouv\^ea, A. and DeGrand, T. and Demers, S. and Demiragli, Z. and Dobrescu, B. A. and D'Onofrio, M. and Doser, M. and Dreiner, H. K. and Eerola, P. and Egede, U. and Eidelman, S. and El-Khadra, A. X. and Ellis, J. and Eno, S. C. and Erler, J. and Ezhela, V. V. and Fava, A. and Fetscher, W. and Fields, B. D. and Freitas, A. and Gallagher, H. and Gershon, T. and Gershtein, Y. and Gherghetta, T. and Gonzalez-Garcia, M. C. and Goodman, M. and Grab, C. and Gritsan, A. V. and Grojean, C. and Groom, D. E. and Gr\"unewald, M. and Gurtu, A. and Haber, H. E. and Hamel, M. and Hashimoto, S. and Hayato, Y. and Hebecker, A. and Heinemeyer, S. and Hikasa, K. and Hisano, J. and H\"ocker, A. and Holder, J. and Hsu, L. and Huston, J. and Hyodo, T. and Ianni, Al. and Kado, M. and Karliner, M. and Katz, U. F. and Kenzie, M. and Khoze, V. A. and Klein, S. R. and Krauss, F. and Kreps, M. and Kri\ifmmode \check{z}\else \v{z}\fi{}an, P. and Krusche, B. and Kwon, Y. and Lahav, O. and Lellouch, L. P. and Lesgourgues, J. and Liddle, A. R. and Ligeti, Z. and Lin, C.-J. and Lippmann, C. and Liss, T. M. and Lister, A. and Littenberg, L. and Lugovsky, K. S. and Lugovsky, S. B. and Lusiani, A. and Makida, Y. and Maltoni, F. and Manohar, A. V. and Marciano, W. J. and Matthews, J. and Mei\ss{}ner, U.-G. and Melzer-Pellmann, I.-A. and Mertsch, P. and Miller, D. J. and Milstead, D. and M\"onig, K. and Molaro, P. and Moortgat, F. and Moskovic, M. and Nagata, N. and Nakamura, K. and Narain, M. and Nason, P. and Nelles, A. and Neubert, M. and Nir, Y. and O'Connell, H. B. and O'Hare, C. A. J. and Olive, K. A. and Peacock, J. A. and Pianori, E. and Pich, A. and Piepke, A. and Pietropaolo, F. and Pomarol, A. and Pordes, S. and Profumo, S. and Quadt, A. and Rabbertz, K. and Rademacker, J. and Raffelt, G. and Ramsey-Musolf, M. and Richardson, P. and Ringwald, A. and Robinson, D. J. and Roesler, S. and Rolli, S. and Romaniouk, A. and Rosenberg, L. J and Rosner, J. L. and Rybka, G. and Ryskin, M. G. and Ryutin, R. A. and Safdi, B. and Sakai, Y. and Sarkar, S. and Sauli, F. and Schneider, O. and Sch\"onert, S. and Scholberg, K. and Schwartz, A. J. and Schwiening, J. and Scott, D. and Sefkow, F. and Seljak, U. and Sharma, V. and Sharpe, S. R. and Shiltsev, V. and Signorelli, G. and Silari, M. and Simon, F. and Sj\"ostrand, T. and Skands, P. and Skwarnicki, T. and Smoot, G. F. and Soffer, A. and Sozzi, M. S. and Spiering, C. and Stahl, A. and Sumino, Y. and Takahashi, F. and Tanabashi, M. and Tanaka, J. and Ta\ifmmode \check{s}\else \v{s}\fi{}evsk\'y, M. and Terao, K. and Terashi, K. and Terning, J. and Thoma, U. and Thorne, R. S. and Tiator, L. and Titov, M. and Tovey, D. R. and Trabelsi, K. and Urquijo, P. and Valencia, G. and Van de Water, R. and Varelas, N. and Verde, L. and Vivarelli, I. and Vogel, P. and Vogelsang, W. and Vorobyev, V. and Wakely, S. P. and Walkowiak, W. and Walter, C. W. and Wands, D. and Weinberg, D. H. and Weinberg, E. J. and Wermes, N. and White, M. and Wiencke, L. R. and Willocq, S. and Woody, C. L. and Workman, R. L. and Yao, W.-M. and Yokoyama, M. and Yoshida, R. and Zanderighi, G. and Zeller, G. P. and Zhu, R.-Y. and Zhu, S.-L. and Zimmermann, F. and Zyla, P. A. and Anderson, J. and Kramer, M. and Schaffner, P. and Zheng, W.},
  collaboration = {Particle Data Group Collaboration},
  journal = {Phys. Rev. D},
  volume = {110},
  issue = {3},
  pages = {030001},
  numpages = {5},
  year = {2024},
  month = {Aug},
  publisher = {American Physical Society},
  doi = {10.1103/PhysRevD.110.030001},
  url = {https://link.aps.org/doi/10.1103/PhysRevD.110.030001}
}
@article{shower_profile,
    author = "Radel, Leif and Wiebusch, Christopher",
    title = "{Calculation of the Cherenkov light yield from electromagnetic cascades in ice with Geant4}",
    eprint = "1210.5140",
    archivePrefix = "arXiv",
    primaryClass = "astro-ph.IM",
    doi = "10.1016/j.astropartphys.2013.01.015",
    journal = "Astropart. Phys.",
    volume = "44",
    pages = "102--113",
    year = "2013"
}

@article{Cherenkov,
    author = "Cherenkov, P. A.",
    title = "{Visible radiation produced by electrons moving in a medium with velocities exceeding that of light}",
    doi = "10.1103/PhysRev.52.378",
    journal = "Phys. Rev.",
    volume = "52",
    number = "4",
    pages = "378--379",
    year = "1937"
}

@article{Frank_Tamm,
    author = "Frank, I. M. and Tamm, I. E.",
    editor = "Ginzburg, V. L. and Bolotovsky, B. M. and Dremin, I. M.",
    title = "{Coherent visible radiation of fast electrons passing through matter}",
    doi = "10.3367/UFNr.0093.196710o.0388",
    journal = "Compt. Rend. Acad. Sci. URSS",
    volume = "14",
    number = "3",
    pages = "109--114",
    year = "1937"
}

%energy reco paper
@article{energy_reco,
    author = "Aartsen, M. G. and others",
    collaboration = "IceCube",
    title = "{Energy Reconstruction Methods in the IceCube Neutrino Telescope}",
    eprint = "1311.4767",
    archivePrefix = "arXiv",
    primaryClass = "physics.ins-det",
    doi = "10.1088/1748-0221/9/03/P03009",
    journal = "JINST",
    volume = "9",
    pages = "P03009",
    year = "2014"
}


@article{double_bang,
    author = "Learned, John G. and Pakvasa, Sandip",
    title = "{Detecting tau-neutrino oscillations at PeV energies}",
    eprint = "hep-ph/9405296",
    archivePrefix = "arXiv",
    reportNumber = "UH-511-799-94, DUMAND-3-94",
    doi = "10.1016/0927-6505(94)00043-3",
    journal = "Astropart. Phys.",
    volume = "3",
    pages = "267--274",
    year = "1995"
}

@article{Tau_int_inice,
    author = "Cowen, D. F.",
    editor = "Halzen, Francis and Karle, Albrecht and Montaruli, T.",
    collaboration = "IceCube",
    title = "{Tau neutrinos in IceCube}",
    doi = "10.1088/1742-6596/60/1/048",
    journal = "J. Phys. Conf. Ser.",
    volume = "60",
    pages = "227--230",
    year = "2007"
}

@article{CNN_tau,
    author = "Abbasi, R. and others",
    collaboration = "IceCube",
    title = "{Observation of Seven Astrophysical Tau Neutrino Candidates with IceCube}",
    eprint = "2403.02516",
    archivePrefix = "arXiv",
    primaryClass = "astro-ph.HE",
    doi = "10.1103/PhysRevLett.132.151001",
    journal = "Phys. Rev. Lett.",
    volume = "132",
    number = "15",
    pages = "151001",
    year = "2024"
}

@article{LPM1,
    author = "Landau, L. D. and Pomeranchuk, I.",
    title = "{Limits of applicability of the theory of bremsstrahlung electrons and pair production at high-energies}",
    journal = "Dokl. Akad. Nauk Ser. Fiz.",
    volume = "92",
    pages = "535--536",
    year = "1953"
}
@article{LPM2,
    author = "Landau, L. D. and Pomeranchuk, I.",
    title = "{Electron cascade process at very high-energies}",
    journal = "Dokl. Akad. Nauk Ser. Fiz.",
    volume = "92",
    pages = "735--738",
    year = "1953"
}

@article{LPM3,
  title = {Bremsstrahlung and Pair Production in Condensed Media at High Energies},
  author = {Migdal, A. B.},
  journal = {Phys. Rev.},
  volume = {103},
  issue = {6},
  pages = {1811--1820},
  numpages = {0},
  year = {1956},
  month = {Sep},
  publisher = {American Physical Society},
  doi = {10.1103/PhysRev.103.1811},
  url = {https://link.aps.org/doi/10.1103/PhysRev.103.1811}
}

@article{Carlos_Taupolarisation,
    author = {Arg\"uelles, Carlos A. and Garg, Diksha and Patel, Sameer and Reno, Mary Hall and Safa, Ibrahim},
    title = "{Tau depolarization at very high energies for neutrino telescopes}",
    eprint = "2205.05629",
    archivePrefix = "arXiv",
    primaryClass = "hep-ph",
    doi = "10.1103/PhysRevD.106.043008",
    journal = "Phys. Rev. D",
    volume = "106",
    number = "4",
    pages = "043008",
    year = "2022"
}
%IceCube Simulation papers
@article{MMC_paper,
author = {Chirkin, Dmitry and Rhode, Wolfgang},
year = {2004},
month = {08},
pages = {},
title = {Propagating leptons through matter with Muon Monte Carlo (MMC)}
}



% Thesis

@mastersthesis{Anastasiia_Thesis,
  title        = {Optimization of the optical array geometry for IceCube-Gen2},
  author       = {Omeliukh, Anastasiia},
  year         = 2021,
  address      = {Kyiv, Ukraine},
  school       = {Taras Schevchenko national University of Kyiv},
  type         = {Master's thesis}
}

@phdthesis{marcel_thesis,
author = {Usner, Marcel},
title = {Search for Astrophysical Tau-Neutrinos in Six Years of High-Energy Starting Events in the IceCube Detector},
school = {Humboldt-Universität zu Berlin, Mathematisch-Naturwissenschaftliche Fakultät},
year = {2018},
doi = {http://dx.doi.org/10.18452/19458}
}

@phdthesis{Juliana_thesis,
author = {Stachurska, Juliana},
title = {Astrophysical Tau Neutrinos in IceCube},
school = {Humboldt-Universität zu Berlin, Mathematisch-Naturwissenschaftliche Fakultät},
year = {2020},
doi = {http://dx.doi.org/10.18452/21611}
}


%books

@book{Perkins,
    author = "Perkins, D. H.",
    title = "{Particle astrophysics}",
    year = "2003"
}